LEADER 00518nam a2200169K  4500
001 003000001-7
005 20020606093309.7
008 930424s1887    xx            000 0 lat d
035 0 $aocm78927100
040   $aHLS$cHLS
110 2 $aCatholic Church.
245 10$aDie vii Novembris.$bIn festo S. Willibrordi, episc. et conf. Ultraj. et in Coll. Catvic.
260   $a[Mechliniæ,$bH. Dessain,$c1887.]
300   $app. 8.$c12mo
710 2 $aCatholic Church.$kLiturgy.$tBreviary.$sJesuit, Holland.
988   $a20020608
906   $0MH

