LEADER 00501nam a2200169K  4500
001 003000002-5
005 20020606093309.7
008 930424s1888    gw            000 0 lat d
035 0 $aocm81172182
040   $aHLS$cHLS
110 2 $aCatholic Church.
245 10$aDie 13. Augusti.$bIn festo S. Joannis Berchmans conf. e Societate Jesu.
260   $a[Ratisbonæ,$bex officina Fr. Pustet,$c1888.]
300   $app. 4.$c8vo
710 2 $aCatholic Church.$kLiturgy.$tMissal.$sJesuit.
988   $a20020608
906   $0MH

