LEADER 00496nam a2200169K  4500
001 003000003-3
005 20020606093309.7
008 930424s1881    xx            000 0 lat d
035 0 $aocm79206038
040   $aHLS$cHLS
110 2 $aCatholic Church.
245 10$aOfficia propria pro diœcesibus Camberensi,$bTarentasiensi et Maurianensi.
260   $a[Tornaci,$bn.pr.,$c1881.]
300   $app. 54.$c12mo
710 2 $aCatholic Church.$kLiturgy.$tBreviary.$gChambéry, etc.
988   $a20020608
906   $0MH

