LEADER 00540nam a2200169K  4500
001 003000004-1
005 20020606093309.7
008 930424s1887    be            000 0 lat d
035 0 $aocm82855107
040   $aHLS$cHLS
110 2 $aCatholic Church.
245 10$aDie xvi.Octobris. B. Victoris III, papæ et confessoris.
260   $a[Tornaci Nerviorum,$bTypis Societatis S. Joannis Evangelistæ, Desclée, Lefebvre et Soc.,$c1887.]
300   $app. (2).$cfol.
710 2 $aCatholic Church.$kLiturgy.$tMissal.$gRome.
988   $a20020608
906   $0MH

