LEADER 00453nam a2200169K  4500
001 003000006-8
005 20020606093309.7
008 930424s1883    be            000 0 lat d
035 0 $aocm82385721
040   $aHLS$cHLS
110 2 $aCatholic Church.
245 10$aMissæ novæ pro clero Neapolitano.
260   $aMechliniæ,,$bH. Dessain,$c1883.
300   $app. 6.$c12mo
710 2 $aCatholic Church.$kLiturgy.$tMissal.$gNaples.
988   $a20020608
906   $0MH

