LEADER 00482nam a2200169K  4500
001 003000007-6
005 20020606093309.7
008 930424s1881    fr            000 0 lat d
035 0 $aocm84430404
040   $aHLS$cHLS
110 2 $aCatholic Church.
245 10$aOfficia propria Sanctorum diœcesis Atrebatensis.
260   $aInsulis,$bapud J. Lefort, [imprimatur:$c1881].
300   $a4 pts.$c12mo
710 2 $aCatholic Church.$kLiturgy.$tBreviary.$gArras.
988   $a20020608
906   $0MH

