LEADER 00647nam a2200181K  4500
001 003000008-4
005 20020606093309.7
008 930424s1882    xx            000 0 lat d
035 0 $aocm81082424
040   $aHLS$cHLS
110 2 $aCatholic Church.
245 10$aOrdo Divini Officii recitandi et Missæ celebrandæ juxta ritum sanctæ Romanæ Ecclesiæ additis Officiis propriis a S. Sede concessis ad usum diœcesis Aurelianensis editus pro A.D. 1882.
260   $c1882.
300   $c12mo
501   $a1882 bound together with the Breve Aginnense for 1882.
710 2 $aCatholic Church.$kLiturgy.$tDirectory.$gOrleans.
988   $a20020608
906   $0MH

