LEADER 00527nam a2200169K  4500
001 003000009-2
005 20020606093309.7
008 930424s1887    be            000 0 lat d
035 0 $aocm79966948
040   $aHLS$cHLS
110 2 $aCatholic Church.
245 10$aDie xvi.Octobris.$bIn festo B. Victoris III, papae et confessoris.
260   $a[Tornaci,$bSoc. S. Joannis Evang., Desclée, Lefebvre et Soc.,$c1887.]
300   $app. (2).$c16mo
710 2 $aCatholic Church.$kLiturgy.$tBreviary.$gOct. 16.
988   $a20020608
906   $0MH

