LEADER 00514nam a2200169K  4500
001 003000010-6
005 20020606093309.7
008 930424s1881    xx            000 0 lat d
035 0 $aocm78899569
040   $aHLS$cHLS
110 2 $aCatholic Church.
245 10$aOfficia propria Sanctorum diœcesis Hildesiensis.
260   $a[Tornaci,$bTypis Soc. S. Joannis Ev., Desclée, Lefebvre et Soc.,$c1881.]
300   $a4 pts.$c16mo
710 2 $aCatholic Church.$kLiturgy.$tBreviary.$gHildesheim.
988   $a20020608
906   $0MH

