LEADER 00502nam a2200169K  4500
001 003000011-4
005 20020606093309.7
008 930424s1888    xx            000 0 lat d
035 0 $aocm78576730
040   $aHLS$cHLS
110 2 $aCatholic Church.
245 10$aDie ix. Februarii.$bIn festo B. Ægidii Mariæ a S. Josepho confessoris I. Ord.
260   $a[Mechliniæ,$bH. Dessain,$c1888.]
300   $app. 2.$c12mo
710 2 $aCatholic Church.$kLiturgy.$tMissal.$sFranciscan.
988   $a20020608
906   $0MH

