LEADER 00767cam a2200229I  4500
001 003000012-2
005 20020606093309.7
008 721212s1952    ncu           000 0 eng u
010   $a   52004839 /REV
035 0 $aocm00512560
040   $cWSU$dm.c.$dm/c$dFLL
090   $aKFN7858$b.G7
100 1 $aGreen, Philip Palmer,$d1922-
245 10$aZoning in North Carolina.
260   $aChapel Hill,$bInstitute of Government, University of North Carolina$c[1952]
300   $axv, 428 p.$billus.$c23 cm.
490 1 $aLaw and administration,$v5
504   $aBibliography: p. [429]
650  0$aZoning law$zNorth Carolina.
810 2 $aUniversity of North Carolina at Chapel Hill.$bInstitute of Government.$tLaw and administration ;$v5.
988   $a20020608
906   $0MH

