LEADER 00480nam a2200169K  4500
001 003000013-0
005 20020606093309.7
008 930424s1881    xx            000 0 lat d
035 0 $aocm82054095
040   $aHLS$cHLS
110 2 $aCatholic Church.
245 10$aOfficia propria Sanctorum in diœcesi Sancti=Dionysii recitanda.
260   $a[Tornaci,$bn.pr.,$c1881.]
300   $app. 58.$c12mo
710 2 $aCatholic Church.$kLiturgy.$tBreviary.$gS. Denys.
988   $a20020608
906   $0MH

