LEADER 00543nam a2200169K  4500
001 003000014-9
005 20020606093309.7
008 930424s1888    be            000 0 lat d
035 0 $aocm83142537
040   $aHLS$cHLS
110 2 $aCatholic Church.
245 10$aDie iv. Maii. B. Joannis Baptistæ de la Salle, confessoris.
260   $a[Tornaci (Belg.),$bTypis Societatis S. Joannis Evangelistæ, Desclée, Lefebvre et Soc.,$c1888.]
300   $app. (2).$cfol.
710 2 $aCatholic Church.$kLiturgy.$tMissal.$gMay 4.
988   $a20020608
906   $0MH

