LEADER 00545nam a2200169K  4500
001 003000015-7
005 20020606093309.7
008 930424s1881    xx            000 0 lat d
035 0 $aocm82616877
040   $aHLS$cHLS
110 2 $aCatholic Church.
245 10$aOfficia propria Sanctorum Patronorum regni Hungariæ,$baliaque ibi recitari solita.
260   $a[Tornaci,$bTypis Soc. S. Joannis Ev., Desclée, Lefebvre et Soc.,$c1881.]
300   $a4 pts.$c16mo
710 2 $aCatholic Church.$kLiturgy.$tBreviary.$gHungary.
988   $a20020608
906   $0MH

