LEADER 00550nam a2200169K  4500
001 003000016-5
005 20020606093309.7
008 930424s1883    gw            000 0 lat d
035 0 $aocm83476510
040   $aHLS$cHLS
110 2 $aCatholic Church.
245 10$aMissæ Patronorum et Festorum propriorum regni Poloniæ et Sueciæ, item Russiæ et Ducatus Silesiæ.
260   $a[Ratisbonæ,$btypis Fr.Pustet,$c1883.]
300   $app. 36.$c8vo
710 2 $aCatholic Church.$kLiturgy.$tMissal.$gPoland, Sweden, Russia, Silesia.
988   $a20020608
906   $0MH

