LEADER 00500nam a2200169K  4500
001 003000017-3
005 20020606093309.7
008 930424s1888    gw            000 0 lat d
035 0 $aocm81857732
040   $aHLS$cHLS
110 2 $aCatholic Church.
245 10$aDie 15. Martii.$bIn festo B. Clementis Mariæ Hofbauer confessoris.
260   $a[Ratisbonæ,$btypis Fr. Pustet,$c1888.]
300   $app. (2).$cfol.
710 2 $aCatholic Church.$kLiturgy.$tMissal.$sRedemptorist.
988   $a20020608
906   $0MH

