LEADER 00708nam a2200181K  4500
001 003000018-1
005 20020606093309.7
008 930424m18871900be            000 0 lat d
035 0 $aocn234325658
040   $aHLS$cHLS
110 2 $aCatholic Church.$bPope (1878-1903 : Leo XIII)
245 10$aLeonis papae XIII allocutiones, epistolae, constitutiones, aliaque acta praecipua.$nVol. i-vi.
260   $aBrugis, etc.,$bDesclée, De Brouwer et soc.,$c1887-1900.
505 0 $ai. 1878-1882. 1887.--ii. 1883-1887. 1887.--iii. 1887-1889. 1893.--iv. 1890-1891. 1894.--v. 1891-1894. 1898.--vi. 1894-1897. 1900.
650  0$aPapacy$tDoc. 1878-1903.
700 0 $aLeo$bXIII,$cPope,$d1810-1903.
988   $a20020608
906   $0MH

