LEADER 00642nam a2200181K  4500
001 003000019-X
005 20020606093309.7
008 930424m18821894sp            000 0 lat d
035 0 $aocm78834904
040   $aHLS$cHLS
110 2 $aCatholic Church.
245 10$aOrdo Divini Officii recitandi et Missæ celebrandæ, Romano ritu, ad usum insignis ecclesiæ Catalaunensis, editus pro anno 1882, [1894].
260   $aCatalauni,$bapud T. Martin,$c1882, 1894.
300   $c16mo
501   $a1882, 1894 bound together with the Ordo Hierosolymitana for 1885.
710 2 $aCatholic Church.$kLiturgy.$tDirectory.$gChâlons.
988   $a20020608
906   $0MH

