LEADER 00533nam a2200169K  4500
001 003000020-3
005 20020606093309.7
008 930424s1881    xx            000 0 lat d
035 0 $aocm82014868
040   $aHLS$cHLS
110 2 $aCatholic Church.
245 10$aOfficia propria Sanctorum Patronorum Regni Poloniæ et Sueciæ recitanda.
260   $a[Tornaci,$btyp. Soc. S. Joannis Evang., Desclée, Lefebvre et Soc.,$c1881.]
300   $c12mo
710 2 $aCatholic Church.$kLiturgy.$tBreviary.$gPoland, etc.
988   $a20020608
906   $0MH

