LEADER 00473nam a2200169K  4500
001 003000021-1
005 20020606093309.7
008 930424s1881    be            000 0 lat d
035 0 $aocm77944229
040   $aHLS$cHLS
110 2 $aCatholic Church.
245 10$aOfficia propria Sanctorum pro diœcesi Florentina.
260   $a[Mechliniæ,$bH. Dessain,$c1881.]
300   $app. 88.$c16mo
710 2 $aCatholic Church.$kLiturgy.$tBreviary.$gFirenze.
988   $a20020608
906   $0MH

