LEADER 00475nam a2200169K  4500
001 003000022-X
005 20020606093309.7
008 930424s1888    fr            000 0 lat d
035 0 $aocm84029392
040   $aHLS$cHLS
110 2 $aCatholic Church.
245 10$aDominica 1 Octobris.$bIn festo Ss. Rosarii B.M.V.
260   $a[Parisiis,$bLibrairie Ch. Poussielgue,$c1888.]
300   $app. 4.$c8vo
710 2 $aCatholic Church.$kLiturgy.$pAntiphoner.
988   $a20020608
906   $0MH

