LEADER 00453nam a2200169K  4500
001 003000023-8
005 20020606093309.7
008 930424s1887    gw            000 0 lat d
035 0 $aocm81497741
040   $aHLS$cHLS
110 2 $aCatholic Church.
245 10$aAppendix ad Proprium Hungariæ.
260   $a[Ratisbonæ,$bFr. Pustet,$c1887.]
300   $a2 pts.$c12mo
710 2 $aCatholic Church.$kLiturgy.$tBreviary.$gHungary.
988   $a20020608
906   $0MH

