LEADER 00495nam a2200169K  4500
001 003000024-6
005 20020606093309.7
008 930424s1888    gw            000 0 lat d
035 0 $aocm83793231
040   $aHLS$cHLS
110 2 $aCatholic Church.
245 10$aDie 30. Octobris.$bIn festo S. Alphonsi Rodriguez conf. e Soc. Jesu.
260   $a[Ratisbonæ,$btypis Fr. Pustet,$c1888.]
300   $app. 4.$c12mo
710 2 $aCatholic Church.$kLiturgy.$tBreviary.$sJesuit.
988   $a20020608
906   $0MH

