LEADER 00481nam a2200169K  4500
001 003000025-4
005 20020606093309.7
008 930424s1883    be            000 0 lat d
035 0 $aocm83558332
040   $aHLS$cHLS
110 2 $aCatholic Church.
245 10$aMissæ per Breve diei 28 Julii 1882, ad Universalem Ecclesiam extensæ.
260   $a[Mechliniæ,$bH. Dessain,$c1883.]
300   $app. 6.$c12mo
710 2 $aCatholic Church.$kLiturgy.$tMissal.
988   $a20020608
906   $0MH

