LEADER 00639nam a2200169K  4500
001 003000026-2
005 20020606093309.7
008 930424s1887    it            000 0 lat d
035 0 $aocm81933949
040   $aHLS$cHLS
110 2 $aCatholic Church.
245 10$aAppendix [cum Kalendarium] Missarum aliquorum festorum Ss. Patriarchalis Basilicæ Vaticanæ indultorum quæ haud facile reperiuntur in recentioribus etiam locupletioribus exemplaribus Missalis Romani.
260   $a[Romæ,$bTyp. de Propaganda Fide,$c1887.]
300   $app. 12.$cfol.
710 2 $aCatholic Church.$kLiturgy.$tMissal.$sVatican Basilica.
988   $a20020608
906   $0MH

