LEADER 00521nam a2200169K  4500
001 003000027-0
005 20020606093309.7
008 930424s1881    fr            000 0 lat d
035 0 $aocm84068044
040   $aHLS$cHLS
110 2 $aCatholic Church.
245 10$aOrdo Divini Officii juxta ritum Romanum ad usum archidiœcesis Senonensis pro Anno Domini 1882 editus.
260   $aSenonis,$bè typis Car. Duchemin,$c1881.
300   $c12mo
710 2 $aCatholic Church.$kLiturgy.$tDirectory.$gSens.
988   $a20020608
906   $0MH

