LEADER 00597nam a2200169K  4500
001 003000028-9
005 20020606093309.7
008 930424m18821885fr            000 0 lat d
035 0 $aocm80988692
040   $aHLS$cHLS
110 2 $aCatholic Church.
245 10$aOrdo Divini Officii recitandi Missæque celebrandæ juxta ritum Breviarii et Missalis Romani ad usum diœcesis Engolismensis editus pro anno 1882, [1883, 1885].
260   $aEngolismæ,$bex typis Roussaud,$c[1882, 1883, 1885.]
300   $c12mo
710 2 $aCatholic Church.$kLiturgy.$tDirectory.$gAngoulême.
988   $a20020608
906   $0MH

