LEADER 00491nam a2200169K  4500
001 003000029-7
005 20020606093309.7
008 930424s1887    be            000 0 lat d
035 0 $aocm83040400
040   $aHLS$cHLS
110 2 $aCatholic Church.
245 10$aAppendix pro Clero Romano. Officia translata.
260   $a[Tornaci,$bTypis Societatis S. Joannis Evangelistæ,$c1887.]
300   $a4 pts.$c16mo
710 2 $aCatholic Church.$kLiturgy.$tBreviary.$gRome.
988   $a20020608
906   $0MH

