LEADER 00482nam a2200169K  4500
001 003000030-0
005 20020606093309.7
008 930424s1888    xx            000 0 lat d
035 0 $aocm77674841
040   $aHLS$cHLS
110 2 $aCatholic Church.
245 10$aDominica I. Octobris.$bIn solemnitate SS. Rosarii B.M.V.
260   $a[Mechliniæ,$bH. Dessain,$c1888.]
300   $app. 3+.$c12mo
710 2 $aCatholic Church.$kLiturgy.$tGradual.$sBenedictine.
988   $a20020608
906   $0MH

