LEADER 00942nam a2200277 a 4500
001 003000031-9
005 20020606093309.7
008 930511s1968    fr b         f000|0 fre d
010   $a   70653763 
035 0 $aocm07002850
035 0 $aocm07002850$zocm01142918$zocm12268895
035 0 $aocm7002850
043   $ae-fr---
082   $a912.44
090   $aG1841.J15$bF8x 1968
110 2 $aGroupe de sociologie rurale du CNRS.
245 10$aAtlas de la France rurale /$csous la direction de Jean Duplex.
260   $aParis :$bA. Colin,$c1968.
300   $a176 p. :$bmaps ;$c30 x 34 cm.
490 0 $aCahiers de la Fondation nationale des sciences politiques.$aSérie Atlas ;$v(a)
500   $aAt head of title: Groupe de sociologie rurale, Centre national de la recherche scientifique.
651  0$aFrance$xPopulation$xMaps.
651  0$aFrance$xRural conditions$xMaps.
700 1 $aDuplex, Jean.
988   $a20020608
906   $0MH

