LEADER 00659nam a2200169K  4500
001 003000032-7
005 20020606093309.7
008 930424m18811913fr            000 0 lat d
035 0 $aocm80170989
040   $aHLS$cHLS
110 2 $aCatholic Church.
245 10$aOrdo Divini Officii recitandi,$bMissæque celebrandæ a clero Lucionensi, juxta rubricas Breviarii et Missalis Romani,$ceditus A.D. 1881, [1886, 1888-1889, 1892-1900, 1905, 1910, 1913].
260   $aLucionii,$btypis væ Bideaux et filii,$c[1881, 1886, 1888-1889, 1892-1900, 1905, 1910, 1913.]
300   $c12mo
710 2 $aCatholic Church.$kLiturgy.$tDirectory.$gLuçon.
988   $a20020608
906   $0MH

