LEADER 00470nam a2200169K  4500
001 003000033-5
005 20020606093309.7
008 930424s1887    gw            000 0 lat d
035 0 $aocm78420994
040   $aHLS$cHLS
110 2 $aCatholic Church.
245 10$aAppendix pro diœcesi Veronensi.
260   $a[Ratisbonæ,$bex officina Friderici Pustet,$c1887.]
300   $app. 12.$cfol.
710 2 $aCatholic Church.$kLiturgy.$tMissal.$gVerona.
988   $a20020608
906   $0MH

