LEADER 00476nam a2200169K  4500
001 003000034-3
005 20020606093309.7
008 930424s1883    be            000 0 lat d
035 0 $aocm84175114
040   $aHLS$cHLS
110 2 $aCatholic Church.
245 10$aMissæ pro clero Romano decreto 28 Julii 1882 præscriptæ.
260   $a[Mechliniæ,$bH. Dessain,$c1883.]
300   $app. 8.$c12mo
710 2 $aCatholic Church.$kLiturgy.$tMissal.$gRome.
988   $a20020608
906   $0MH

