LEADER 00609nam a2200169K  4500
001 003000035-1
005 20050531115527.0
008 930424s1887    fr            000 0 fre d
035 0 $aocn236063410
040   $aHLS$cHLS
110 2 $aCatholic Church.$bPope (1288-1292 : Nicholas IV)
245 10$aBulle inédite de Nicolas IV (19 mars 1289).$bDémêlés du chapitre de Chartres avec la comtesse Jeanne et le roi Philippe le Bel pour la juridiction temporelle.$cPar l'abbé Clerval.
260   $aChartres,$bImprimerie Garnier,$c1887.
300   $app. (2), 16.
650  0$aBulls, Papal.
988   $a20020608
906   $0MH

