LEADER 00635nam a2200181K  4500
001 003000036-X
005 20020606093309.7
008 930424s1881    fr            000 0 lat d
035 0 $aocm80959752
040   $aHLS$cHLS
110 2 $aCatholic Church.
245 10$aOrdo Divini Officii recitandi Missæque celebrandæ in diœcesi Forojuliensi juxta ritum sanctæ Romanæ Ecclesiæ pro Anno Domini 1881.
260   $aForojulii,$bex typis Ludovici Leydet,$c1881.
300   $c12mo
501   $a1881 bound together with the Ordo Massiliensis for 1876.
710 2 $aCatholic Church.$kLiturgy.$tDirectory.$gFréjus.
988   $a20020608
906   $0MH

