LEADER 00537nam a2200169K  4500
001 003000037-8
005 20020606093309.7
008 930424s1888    be            000 0 lat d
035 0 $aocm80227664
040   $aHLS$cHLS
110 2 $aCatholic Church.
245 10$aDominica i. Octobris.$bIn solemnitate SS. Rosarii B. Mariæ V.
260   $a[Tornaci Nerviorum,$btypis Societatis S. Joannis Evangelistæ, Desclée, Lefebvre et Soc.,$c1888.]
300   $app. 2.$cfol.
710 2 $aCatholic Church.$kLiturgy.$tMissal.
988   $a20020608
906   $0MH

