LEADER 00494nam a2200169K  4500
001 003000038-6
005 20080513092631.0
008 930424s1886    fr            000 0 lat d
035 0 $aocm84414383
040   $aHLS$cHLS
110 2 $aCatholic Church.
245 10$aCalendarium ecclesiæ Maurianensis ad annum 1887.
260   $aSti Joannis Maurianæ,$btypis P. Vulliermet.$c1886.
300   $c8vo
710 2 $aCatholic Church.$kLiturgy.$tDirectory.$gS. Jean de Maurienne.
988   $a20020608
906   $0MH

