LEADER 00571nam a2200169K  4500
001 003000039-4
005 20020606093309.7
008 930424s1888    be            000 0 lat d
035 0 $aocm80618573
040   $aHLS$cHLS
110 2 $aCatholic Church.
245 10$aDominica I. Octobris.$bIn solemnit. SS. Rosarii B. Mariae Virginis. Juxta Ritum Monasticum.
260   $a[Tornaci Nerviorum,$bTypis Soc. S. Joannis Evangel., Desclée, Lefebvre et Soc.,$c1888.]
300   $app. 8.$c8vo
710 2 $aCatholic Church.$kLiturgy.$tBreviary.$sBenedictine.
988   $a20020608
906   $0MH

