LEADER 00488nam a2200169K  4500
001 003000040-8
005 20020606093309.7
008 930424s1886    fr            000 0 lat d
035 0 $aocm80252151
040   $aHLS$cHLS
110 2 $aCatholic Church.
245 10$aCalendarium metropolitanæ ecclesiæ Camberiensis ad annum 1887.
260   $aCamberii,$bex typis F. Jacquelin.$c1886.
300   $c12mo
710 2 $aCatholic Church.$kLiturgy.$tDirectory.$gChambéry.
988   $a20020608
906   $0MH

