LEADER 00492nam a2200169K  4500
001 003000041-6
005 20020606093309.7
008 930424s1888    xx            000 0 lat d
035 0 $aocm80246462
040   $aHLS$cHLS
110 2 $aCatholic Church.
245 10$aDominica i. Octobris.$bIn solemnitate SS. Rosarii B. Mariæ Virginis.
260   $a[Turonibus,$btypis Mame,$c1888.]
300   $app. 8.$c12mo
710 2 $aCatholic Church.$kLiturgy.$tBreviary.$gDominican.
988   $a20020608
906   $0MH

