LEADER 00543nam a2200169K  4500
001 003000042-4
005 20020606093309.7
008 930424s1887    be            000 0 lat d
035 0 $aocm80388285
040   $aHLS$cHLS
110 2 $aCatholic Church.
245 10$aDie l.Decembris. Beatorum Edmundi Campion et sociorum martyrum e S.J.
260   $a[Tornaci,$bTypis Societatis S. Joannis Evangelistæ, Desclée, Lefebvre et Soc.,$c1887.]
300   $app. 2.$cfol.
710 2 $aCatholic Church.$kLiturgy.$tMissal.$sJesuit.
988   $a20020608
906   $0MH

