LEADER 00467nam a2200169K  4500
001 003000043-2
005 20020606093309.7
008 930424s1883    xx            000 0 lat d
035 0 $aocm84431981
040   $aHLS$cHLS
110 2 $aCatholic Church.
245 10$aMissæ propriæ diœcesis Massiliensis.
260   $aTuronibus,$btypis A.Mame,$c1883.
300   $app. 59, (3).$cfol.
710 2 $aCatholic Church.$kLiturgy.$tMissal.$gMarseilles.
988   $a20020608
906   $0MH

