LEADER 00502nam a2200169K  4500
001 003000044-0
005 20020606093309.7
008 930424s1888    gw            000 0 lat d
035 0 $aocm83840649
040   $aHLS$cHLS
110 2 $aCatholic Church.
245 10$aDie 9. Septembris.$bIn festo S. Petri Claver confessoris e Soc. Jesu.
260   $a[Ratisbonæ,$btypis Friderici Pustet,$c1888.]
300   $app. 4.$c12mo
710 2 $aCatholic Church.$kLiturgy.$tBreviary.$sJesuit.
988   $a20020608
906   $0MH

