LEADER 00789cam a2200253I  4500
001 003000045-9
005 20020606093309.7
008 721212s1948    nyu      b    000 0 eng u
010   $a   48007544 
035 0 $aocm00512872
040   $cCSU$dOCL$dHMG
050   $aHT421$b.F66 1948
082   $a323.354
100 1 $aFox, Lorene K.$q(Lorene Kimball),$d1907-
245 14$aThe rural community and its school.
260   $aNew York,$bKing's Crown Press,$c1948.
300   $axi,233p.$c24cm.
502   $aIssued also as thesis, Columbia Univ.
504   $aBibliography: p. [222]-226.
650  0$aCountry life$zNew York (State)$zChautauqua County.
650  0$aRural schools$zNew York (State)$zChautauqua County.
651  0$aChautauqua County (N.Y.)
988   $a20020608
906   $0MH

