LEADER 00517nam a2200169K  4500
001 003000046-7
005 20020606093309.7
008 930424s1887    be            000 0 lat d
035 0 $aocm81396392
040   $aHLS$cHLS
110 2 $aCatholic Church.
245 10$aDie i.Dec. BB. Edmundi Campion et sociorum, martyrum e S.J.
260   $a[Tornaci,$btypis Soc. Evang., Desclée, Lefebvre et Soc.,$c1887.]
300   $app. 3, (1).$c12mo
710 2 $aCatholic Church.$kLiturgy.$tBreviary.$sJesuit.
988   $a20020608
906   $0MH

