LEADER 00610nam a2200169K  4500
001 003000047-5
005 20020606093309.7
008 930424m18821917xx            000 0 lat d
035 0 $aocm79230614
040   $aHLS$cHLS
110 2 $aCatholic Church.
245 10$aOrdo Divini Officii recitandi Missæque celebrandæ juxta ritum sanctæ Romanæ Ecclesiæ ad usum cleri Turonensis editus pro anno 1882, [1886, 1887, 1903, 1905-1917].
260   $aTuronibus,$btypis A. Mamae,$c1882, 1886, 1887, 1903, 1905-1917.
300   $c12mo
710 2 $aCatholic Church.$kLiturgy.$tDirectory.$gTours.
988   $a20020608
906   $0MH

