LEADER 00489nam a2200169K  4500
001 003000048-3
005 20020606093309.7
008 930424s1888    gw            000 0 lat d
035 0 $aocm84297554
040   $aHLS$cHLS
110 2 $aCatholic Church.
245 10$aIn festo Sancti Francisci Salesii episcopi et confessoris.
260   $a[Ratisbonæ,$bex officina Friderici Pustet,$c1888.]
300   $app. (2).$cfol.
710 2 $aCatholic Church.$kLiturgy.$tGradual.
988   $a20020608
906   $0MH

