LEADER 00600nam a2200169K  4500
001 003000049-1
005 20020606093309.7
008 930424s1881    xx            000 0 lat d
035 0 $aocm82998371
040   $aHLS$cHLS
110 2 $aCatholic Church.
245 10$aOrdo Divini Officii recitandi,$bMissæque celebrandæ juxta ritum sanctæ Romanæ Ecclesiæ ad usum diœcesis Bellicensis, pro anno Domini 1881, editus.
260   $aBellicii,$bex typis A. Sauzet, apud Bailly-Boyer, etc., etc.$c1881.
300   $c12mo
710 2 $aCatholic Church.$kLiturgy.$tDirectory.$gBelley.
988   $a20020608
906   $0MH

