LEADER 00493nam a2200169K  4500
001 003000050-5
005 20020606093309.7
008 930424s1887    gw            000 0 lat d
035 0 $aocm80227666
040   $aHLS$cHLS
110 2 $aCatholic Church.
245 10$aDie l.Decembris. BB. Edmundi Campion et soc. mart. e Soc. Jesu.
260   $a[Ratisbonæ,$bex officina Fr. Pustet,$c1887.]
300   $app. 2.$c8vo
710 2 $aCatholic Church.$kLiturgy.$tMissal.$sJesuit.
988   $a20020608
906   $0MH

