LEADER 00488nam a2200169K  4500
001 003000051-3
005 20050510154807.0
008 930424s1881    xx            000 0 lat d
035 0 $aocm79142684
040   $aHLS$cHLS
110 2 $aCatholic Church.
245 10$aDie xxiv. Aprilis. In festo S. Gregorii episcopi Illiberitani conf.
260   $a[Mechliniae,$bH. Dessain,$c1881.]
300   $app. 2.$c4to
710 2 $aCatholic Church.$kLiturgy.$tBreviary.$gGranada.
988   $a20020608
906   $0MH

