LEADER 00465nam a2200169K  4500
001 003000052-1
005 20020606093309.7
008 930424s1888    fr            000 0 fre d
035 0 $aocm77827797
040   $aHLS$cHLS
110 2 $aCatholic Church.
245 10$a[Messe et Office notés du T.S. Rosaire.
260   $aRemis,$bn.pr.,$c1888.]
300   $app. 4, 5, 7+.$c16mo
710 2 $aCatholic Church.$kLiturgy.$tC.O., Choir Books.$gReims.
988   $a20020608
906   $0MH

