LEADER 00464nam a2200169K  4500
001 003000053-X
005 20020606093309.7
008 930424s1881    xx            000 0 lat d
035 0 $aocm84029396
040   $aHLS$cHLS
110 2 $aCatholic Church.
245 14$aDie iv. Julii. In festo B. Gasparis de Bono.
260   $a[Mechliniæ,$bH. Dessain,$c1881.]
300   $app. 8.$c4to
710 2 $aCatholic Church.$kLiturgy.$tBreviary.$gMurcia.
988   $a20020608
906   $0MH

