LEADER 00490nam a2200169K  4500
001 003000054-8
005 20050510154840.0
008 930424s1881    xx            000 0 lat d
035 0 $aocm82105619
040   $aHLS$cHLS
110 2 $aCatholic Church.
245 10$aDie xx. Julii. In festo S. Eliæ prophetæ,$bducis et patris nostri.
260   $a[Mechliniæ,$bH. Dessain,$c1881.]
300   $app. 9+.$c4to
710 2 $aCatholic Church.$kLiturgy.$tBreviary.$gGranada.
988   $a20020608
906   $0MH

