LEADER 00472nam a2200169K  4500
001 003000055-6
005 20020606093309.7
008 930424s1887    xx            000 0 lat d
035 0 $aocm79834866
040   $aHLS$cHLS
110 2 $aCatholic Church.
245 10$aDie xii.Decembris.$bIn festo B.M.V. de Guadalupe.
260   $a[Mechliniæ,$bH. Dessain,$c1887.]
300   $app. 5+.$c12mo
710 2 $aCatholic Church.$kLiturgy.$tBreviary.$gDec. 12.
988   $a20020608
906   $0MH

