LEADER 00513nam a2200169K  4500
001 003000056-4
005 20020606093309.7
008 930424s1881    xx            000 0 lat d
035 0 $aocm78543184
040   $aHLS$cHLS
110 2 $aCatholic Church.
245 14$aDie v Julii. In festo SS. Cyrilli et Methodii pontificum et confessorum.
260   $a[Mediolani,$btyp. J. Agnelli impress. Archiep.,$c1881.]
300   $app.4.$c12mo
710 2 $aCatholic Church.$kLiturgy.$tBreviary.$gMilan.
988   $a20020608
906   $0MH

