LEADER 00487nam a2200169K  4500
001 003000057-2
005 20020606093309.7
008 930424s1881    xx            000 0 lat d
035 0 $aocm82737600
040   $aHLS$cHLS
110 2 $aCatholic Church.
245 14$aDie v. Junii. In festo S. Bonifacii ep.et mart.
260   $a[Mediolani,$btyp. J. Agnelli impr. Archiep.,$c1881.]
300   $app. 3+.$c12mo
710 2 $aCatholic Church.$kLiturgy.$tBreviary.$gMilan.
988   $a20020608
906   $0MH

