LEADER 00493nam a2200169K  4500
001 003000058-0
005 20020606093309.7
008 930424s1883    be            000 0 lat d
035 0 $aocm80446052
040   $aHLS$cHLS
110 2 $aCatholic Church.
245 10$aMissæ propriæ festorum Ordinis Eremitarum Sancti Augustini.
260   $a[Mechliniæ,$bH. Dessain,$c1883.]
300   $app. 68.$c12mo
710 2 $aCatholic Church.$kLiturgy.$tMissal.$bAugustinian Friars.
988   $a20020608
906   $0MH

