LEADER 00518nam a2200169K  4500
001 003000059-9
005 20020606093309.7
008 930424s1888    xx            000 0 lat d
035 0 $aocm83495908
040   $aHLS$cHLS
110 2 $aCatholic Church.
245 10$aMissæ propriæ Cathalauniæ Principatui et diœcesibus provinciæ Tarraconensis concessæ.
260   $a[Mechliniæ,$bH. Dessain,$c1888.]
300   $app. 16.$cfol.
710 2 $aCatholic Church.$kLiturgy.$tMissal.$gCatalonia, &c.
988   $a20020608
906   $0MH

