LEADER 00866aam a2200289 a 4500
001 003000060-2
005 20020606093309.7
008 920313s1988    ii       b    001 0 eng  
010   $a   91908349 
020   $cRs30.00
035 0 $aocm26723380
040   $aDLC$cDLC
043   $aa-ii---
050 00$aGR305.5.N7$bS37 1988
082 00$a398.2/0954/1$220
100 1 $aŚarmā, Nabīnacandra.
245 10$aEssays on the folklore of North-eastern India /$cNabin Chandra Sarma.
250   $a1st ed.
260   $aPathsala :$bBani Prokash,$c1988.
300   $a146 p. ;$c22 cm.
500   $aIncludes index.
504   $aIncludes bibliographical references (p. [134]-138).
650  0$aFolklore$zIndia, Northeastern.
650  0$aFestivals$zIndia, Northeastern.
651  0$aIndia, Northeastern$xSocial life and customs.
988   $a20020608
906   $0DLC

