LEADER 00463nam a2200169K  4500
001 003000061-0
005 20050510154834.0
008 930424s1881    xx            000 0 lat d
035 0 $aocm80821732
040   $aHLS$cHLS
110 2 $aCatholic Church.
245 10$aDie xxi. Junii. S. Albani martyris.
260   $a[Mechliniæ,$bH. Dessain,$c1881.]
300   $app. 3+.$c16mo
710 2 $aCatholic Church.$kLiturgy.$tBreviary.$sRedemptorist.
988   $a20020608
906   $0MH

