LEADER 00523nam a2200169K  4500
001 003000062-9
005 20020606093309.7
008 930424s1881    xx            000 0 lat d
035 0 $aocm78532211
040   $aHLS$cHLS
110 2 $aCatholic Church.
245 10$aDie xiv Maji. In festo Elevationis corporum SS. Ambrosii, Gervasii et Protasii.
260   $a[Mediolani,$bapud J. Agnelli, Impress. Archiep.,$c1881.]
300   $app. 16.$c12mo
710 2 $aCatholic Church.$kLiturgy.$tBreviary.$gMilan.
988   $a20020608
906   $0MH

