LEADER 00501nam a2200169K  4500
001 003000063-7
005 20050510154740.0
008 930424s1881    xx            000 0 lat d
035 0 $aocm81562931
040   $aHLS$cHLS
110 2 $aCatholic Church.
245 10$aDie xxvi. Martii. Extra tempus Paschale. In festo S. Boni Latronis.
260   $a[Mechliniæ,$bH. Dessain,$c1881.]
300   $app. 4.$c16mo
710 2 $aCatholic Church.$kLiturgy.$tBreviary.$gSanta Fé de Bogota.
988   $a20020608
906   $0MH

