LEADER 00487nam a2200169K  4500
001 003000064-5
005 20020606093309.7
008 930424s1888    gw            000 0 lat d
035 0 $aocm81061406
040   $aHLS$cHLS
110 2 $aCatholic Church.
245 10$aMissæ propriæ diœcesis Belemen de Para.
260   $a[Ratisbonæ,$bex officina Friderici Pustet,$c1888.]
300   $app. 10.$cfol.
710 2 $aCatholic Church.$kLiturgy.$tMissal.$gBelem de Para.
988   $a20020608
906   $0MH

