LEADER 00463nam a2200169K  4500
001 003000065-3
005 20020606093309.7
008 930424s1887    ae            000 0 fre d
035 0 $aocm84297555
040   $aHLS$cHLS
110 2 $aCatholic Church.
245 10$aDiocèse d'Alger: annuaire du clergé, 1887.
260   $aAlger,$btypographie A. Jourdan.$c1887.
300   $c8vo
710 2 $aCatholic Church.$kLiturgy.$tDirectory.$gAlgiers.
988   $a20020608
906   $0MH

