LEADER 00729nam a2200181K  4500
001 003000066-1
005 20020606093309.7
008 930424s1881    fr            000 0 lat d
035 0 $aocm77944230
040   $aHLS$cHLS
110 2 $aCatholic Church.
245 10$aOrdo Divini Officii recitandi Missæque celebrandæ juxta rubricas Breviarii ac Missalis Romani,$bil. ac rr. in Christo Patris dd. Petri-Henrici de Langalerie archiepiscopi Auscitani, jussu et auctoritate editus pro anno 1882.
260   $aAugustæ Auscorum,$btypis fratrum Cocharaux,$c1881.
300   $c12mo
501   $a1881 bound together with the Ordo Avenionensis for 1882.
710 2 $aCatholic Church.$kLiturgy.$tDirectory.$gAuch.
988   $a20020608
906   $0MH

