LEADER 00530nam a2200169K  4500
001 003000067-X
005 20020606093309.7
008 930424s1887    fr            000 0 lat d
035 0 $aocm81503394
040   $aHLS$cHLS
110 2 $aCatholic Church.
245 10$aDominica post Octavam Assumptionis.$cIn festo Purissimi Cordis Beatæ Mariæ Virginis.
260   $a[Parisiis?,$bn. pr.,$c1887.]
300   $app. 10.$c12mo
710 2 $aCatholic Church.$kLiturgy.$tBreviary.$sHoly Ghost and Imm. Heart of Mary.
988   $a20020608
906   $0MH

