LEADER 00547nam a2200169K  4500
001 003000068-8
005 20020606093309.7
008 930424s1886    be            000 0 lat d
035 0 $aocm80606186
040   $aHLS$cHLS
110 2 $aCatholic Church.
245 10$aProprium Missarum in usum diœcesium Angliæ.
260   $aTornaci Nerviorum,$bsumptibus et typis Societatis S. Joannis Evangelistæ, Desclée, Lefebvre et Soc.,$c1886.
300   $app. (2), 34.$cfol.
710 2 $aCatholic Church.$kLiturgy.$tMissal.$gEngland.
988   $a20020608
906   $0MH

