LEADER 00479nam a2200169K  4500
001 003000069-6
005 20020606093309.7
008 930424s1887    gw            000 0 lat d
035 0 $aocm78899573
040   $aHLS$cHLS
110 2 $aCatholic Church.
245 10$aIn festo S. Nicolai episc. et conf. Præfatio propria.
260   $a[Ratisbonæ,$btypis Fr. Pustet,$c1887.]
300   $app. (2).$cfol.
710 2 $aCatholic Church.$kLiturgy.$tMissal.$gBari.
988   $a20020608
906   $0MH

