LEADER 00572nam a2200169K  4500
001 003000070-X
005 20020606093309.7
008 930424s1881    xx            000 0 lat d
035 0 $aocm79011777
040   $aHLS$cHLS
110 2 $aCatholic Church.
245 10$aDirectorium Divini Officii ac SS. Missæ sacrificii. In usum cleri dioecesani Lusatiae et Saxoniae ordinatum et editum anno ut supra 1882.
260   $aBudissæ,$bEx Typ. Ernestini Mauritii Monse,$c[1881].
300   $c8vo
710 2 $aCatholic Church.$kLiturgy.$tDirectory.$gLausitz.
988   $a20020608
906   $0MH

