LEADER 00601nam a2200169K  4500
001 003000071-8
005 20020606093309.7
008 930424s1881    fr            000 0 lat d
035 0 $aocm79643992
040   $aHLS$cHLS
110 2 $aCatholic Church.
245 10$aOrdo Divini Officii recitandi sacrique faciendi juxta ritum Breviarii ac Missalis Romani et proprii Ambianensis pro Anno Domini 1881.
260   $aAmbiani,$bexcudebat Delattre-Lenoel, curiæ Episcopalis Ambianensis typographus,$c1881.
300   $c12mo
710 2 $aCatholic Church.$kLiturgy.$tDirectory.$gAmiens.
988   $a20020608
906   $0MH

