LEADER 00512nam a2200169K  4500
001 003000072-6
005 20020606093309.7
008 930424s1881    xx            000 0 lat d
035 0 $aocm84305611
040   $aHLS$cHLS
110 2 $aCatholic Church.
245 10$aDom. quæ diem iii Aug. immediate antecedit. In festo B. Mariæ Virginis de Bono Occursu.
260   $a[Turonibus,$btypis Mame,$c1881.]
300   $app. 8, (2).$c12mo
710 2 $aCatholic Church.$kLiturgy.$tBreviary.$gAgen.
988   $a20020608
906   $0MH

