LEADER 00542nam a2200169K  4500
001 003000073-4
005 20020606093309.7
008 930424s1886    gw            000 0 lat d
035 0 $aocm78390063
040   $aHLS$cHLS
110 2 $aCatholic Church.
245 10$aProprium Missarum pro diœcesi Alexandrina juxta novissimas Missalis Romani editiones redactum.
260   $a[Ratisbonæ,$bex officina Friderici Pustet,$c1886.]
300   $app. 23, (1).$cfol.
710 2 $aCatholic Church.$kLiturgy.$tMissal.$gAlexandria.
988   $a20020608
906   $0MH

