LEADER 00513nam a2200181K  4500
001 003000074-2
005 20020606093309.7
008 930424s1881    fr            000 0 fre d
035 0 $aocm81156180
040   $aHLS$cHLS
110 2 $aCatholic Church.
245 10$a5 juillet. S. Cyrille et S. Méthode évêques et confesseurs.
260   $a[Paris,$bF. Levé,$c1881.]
300   $app. 2.$c16mo
700 1 $aValfray, Pierre,$eed.
710 2 $aCatholic Church.$kLiturgy.$tC.O., Choir Book.
988   $a20020608
906   $0MH

