LEADER 00621nam a2200169K  4500
001 003000075-0
005 20020606093309.7
008 930424m18871897quc           000 0 lat d
035 0 $aocm78832729
040   $aHLS$cHLS
110 2 $aCatholic Church.
245 10$aJ.M.J. Ordo Divini Officii recitandi et Missæ celebrandæ pro anno bissextili 1888 [-1898], ad usum Marianopolitanæ archidiœcesis.$cCum Supplemento ad usum Seminarii S. Sulpitii, Marianopolit.
260   $aImprimatur:- Marianop.,$bn. pr.$c1887-1897.
300   $c16mo
710 2 $aCatholic Church.$kLiturgy.$tDirectory.$gMontreal.
988   $a20020608
906   $0MH

