LEADER 00504nam a2200169K  4500
001 003000076-9
005 20020606093309.7
008 930424s1886    it            000 0 lat d
035 0 $aocm84030764
040   $aHLS$cHLS
110 2 $aCatholic Church.
245 10$aProprium Missarum Sanctorum diœcesium Ostien. ac Veliternen.
260   $a[Romæ,$bTyp. de Propaganda Fide,$c1886.]
300   $app. 9, (1).$cfol.
710 2 $aCatholic Church.$kLiturgy.$tMissal.$gOstia and Velitri.
988   $a20020608
906   $0MH

