LEADER 00646nam a2200181K  4500
001 003000077-7
005 20020606093309.7
008 930424s1881    fr            000 0 lat d
035 0 $aocm81210378
040   $aHLS$cHLS
110 2 $aCatholic Church.
245 10$aOrdo Divini Officii recitandi sacrique faciendi juxta ritum sanctæ Romanæ Ecclesiæ,$bad usum diœcesis Suessionensis, pro A.D. 1881, editus.
260   $aSuessione,$bexcudebat R. Fossé d'Arcosse,$c1881.
300   $c12mo
501   $a1881 bound together with the Breve Aginnense for 1882.
710 2 $aCatholic Church.$kLiturgy.$tDirectory.$gSoissons.
988   $a20020608
906   $0MH

