LEADER 00465nam a2200169K  4500
001 003000078-5
005 20020606093309.7
008 930424s1887    fr            000 0 lat d
035 0 $aocm82562300
040   $aHLS$cHLS
110 2 $aCatholic Church.
245 10$aKalendarium Congr. a. S. Cruce. Anno 1887.
260   $a[Paris?,$bPoussielgue Fr. ?].$c[1887].
300   $c24to
710 2 $aCatholic Church.$kLiturgy.$tDirectory.$sHoly Cross.
988   $a20020608
906   $0MH

