LEADER 00575nam a2200169K  4500
001 003000079-3
005 20020606093309.7
008 930424s1881    fr            000 0 lat d
035 0 $aocm79273684
040   $aHLS$cHLS
110 2 $aCatholic Church.
245 10$aKalendarium sanctæ ecclesiæ Nicæensis pro ordine Divini Officii recitandi, Missæque celebrandæ juxta ritum Breviarii, ac Missalis Romani anno 1882.
260   $aNicææ,$be typis S. Cauvin-Empereur.$c1881.
300   $c12mo
710 2 $aCatholic Church.$kLiturgy.$tDirectory.$gNice.
988   $a20020608
906   $0MH

