LEADER 00631nam a2200181K  4500
001 003000080-7
005 20020606093309.7
008 930424s1881    fr            000 0 lat d
035 0 $aocm80076800
040   $aHLS$cHLS
110 2 $aCatholic Church.
245 10$aOrdo Divini Officii recitandi sacrique faciendi juxta ritum sanctæ Romanæ Ecclesiæ,$bad usum totius diœces. Bellovac. editus pro anno 1881.
260   $aBellovaci,$bapud D. Pere,$c1881.
300   $c12mo
501   $a1881 bound together with the Ordo Atrebatensis for 1888.
710 2 $aCatholic Church.$kLiturgy.$tDirectory.$gBeauvais.
988   $a20020608
906   $0MH

