LEADER 00563nam a2200169K  4500
001 003000081-5
005 20020606093309.7
008 930424s1887    be            000 0 lat d
035 0 $aocm83478466
040   $aHLS$cHLS
110 2 $aCatholic Church.
245 10$aKalendarium et Missæ propriæ ecclesiæ et diœcesis Nemausensis.
260   $aTornaci Nerviorum,$bTypis Societatis S. Joannis Evangelistæ, Desclée, Lefebvre et Sociorum,$c1887.
300   $app. vi, 43, (1).$cfol.
710 2 $aCatholic Church.$kLiturgy.$tMissal.$gNemours.
988   $a20020608
906   $0MH

