LEADER 00531nam a2200169K  4500
001 003000082-3
005 20020606093309.7
008 930424s1886    gw            000 0 lat d
035 0 $aocm83006853
040   $aHLS$cHLS
110 2 $aCatholic Church.
245 10$aProprium Sanctorum ad usum Presbyterorum Congregationis Londinensis Oratorii S. Philippi Nerii.
260   $a[Ratisbonae,$btypis Friderici Pustet,$c1886.]
300   $a4 pts.$c12mo
710 2 $aCatholic Church.$kLiturgy.$tBreviary.$sOratorian.
988   $a20020608
906   $0MH

