LEADER 00500nam a2200169K  4500
001 003000083-1
005 20020606093309.7
008 930424s1887    be            000 0 lat d
035 0 $aocm77658168
040   $aHLS$cHLS
110 2 $aCatholic Church.
245 10$aKalendarium et Officia propria Sanctorum diœcesis Nemausensis.
260   $aTornaci Nerviorum,$btypis Soc. S. Joannis Evang.,$c1887.
300   $c12mo
710 2 $aCatholic Church.$kLiturgy.$tBreviary.$gNemours.
988   $a20020608
906   $0MH

