LEADER 00465nam a2200169K  4500
001 003000084-X
005 20020606093309.7
008 930424s1883    be            000 0 lat d
035 0 $aocm78019716
040   $aHLS$cHLS
110 2 $aCatholic Church.
245 10$aMissæ propriæ Sanctorum diœcesis Diniensis.
260   $a[Mechliniæ,$bH. Dessain,$c1883.]
300   $app. 18.$cfol.
710 2 $aCatholic Church.$kLiturgy.$tMissal.$gDigne.
988   $a20020608
906   $0MH

