LEADER 00532nam a2200169K  4500
001 003000085-8
005 20020606093309.7
008 930424m18811889fr            000 0 lat d
035 0 $aocm80709409
040   $aHLS$cHLS
110 2 $aCatholic Church.
245 10$aOrdo Divini Officii recitandi sacrique peragendi a clero Baionensi A.D. 1881, [1885, 1889] editus.
260   $aBaionæ,$bé typis E. Lasserre,$c[1881, 1885, 1889].
300   $c12mo
710 2 $aCatholic Church.$kLiturgy.$tDirectory.$gBayonne.
988   $a20020608
906   $0MH

