LEADER 00510nam a2200181K  4500
001 003000086-6
005 20020606093309.7
008 930424s1887    nyu           000 0 eng d
035 0 $aocm82687408
040   $aHLS$cHLS
110 2 $aCatholic Church.
245 10$aLittle manual of the Sacred heart.
250   $aEnlarged edition.
260   $aNew York,$bJ. Schaefer,$c1887.
300   $a1 vol.$billustr.$c24to
710 2 $aCatholic Church.$kLiturgy.$tC.O., Paroissiens &c.$gNew York.
988   $a20020608
906   $0MH

