LEADER 00970nam a2200229K  4500
001 003000087-4
005 20020606093309.7
008 930424s1893    fr            000 0 fre d
035 0 $aocn236063413
040   $aHLS$cHLS
110 2 $aCatholic Church.$bPope (1878-1903 : Leo XIII)
245 10$aConventiones de rebus ecclesiasticis inter S. Sedem et civilem postestatem initae sup pontificatu ssmi d. n. Leonis pp. XIII usque ad diem 7 nov. 1893.$bAppendix ad Acta hactenus publicata [i.e. ad volumen XIII] eiusdem summi pontificis.
246 3 $aConventiones de rebus ecclesiasticis inter S. Sedem [ect.]
260   $aRomae,$bex Typographia vaticana,$c1893.
300   $av, 123 p.$c30cm.
610 20$aCatholic Church$xHistory$xSources.
610 20$aCatholic Church$xForeign relations.
650  0$aPapacy$tDoc. 1878-1903.
690  9$aPopes$xHistory$xSources.$5wid
710 2 $aCatholic Church.$kTreaties, etc., 1878-1903 (Leo XIII)
988   $a20020608
906   $0MH

