LEADER 00859nam a2200181K  4500
001 003000088-2
005 20020606093309.7
008 930424s1886    it            000 0 lat d
035 0 $aocm82687128
040   $aHLS$cHLS
110 2 $aCatholic Church.$bCongregatio Rituum.
245 10$aSacra Rituum Congregatione em̃o ac rm̃o domino Card. Lucido Maria Parocchi relatore.$bRomana concessionis et approbationis Officii et Missae et elevationis ritus in honorem Beatae Mariae Virginis sub titulo Salutis Infirmorum. Instante rm̃o P. Ioachim Ferrini vicario generali Congregationis CC.RR. Infirmis Ministrantium.
260   $aRomae,$bTypis S. Congreg. de Propaganda Fide,$c1886.
300   $app. (2), 35+.$cl.8vo
710 2 $aCatholic Church.$kLiturgy.$tBreviary.$sLazarist.
710 2 $aCatholic Church.$kLiturgy.$tMissal.$sLazarist.
988   $a20020608
906   $0MH

