LEADER 01165nam a2200301K  4500
001 003000089-0
005 20020606093309.7
008 930424s1887    gw            000 0 ger d
035 0 $aocm75959015
035 0 $aocm82282372
040   $aHLS$cHLS
050  4$aM2153.2.M64$bM3 1887
110 2 $aCatholic Church.
245 10$aManuale cantorum.$bAuszug aus den officiellen choralbüchern Roms.$cHerausgegeben von Joseph Mohr.
260   $aRegensburg, etc.,$bF. Pustet,$c1887.
300   $app. xx, 708.$bFront.$c24to
505 0 $aI. Das Hochamt [Ordinary of High Mass] --II. Die Vespern [Vespers] --III. Die Complet [Compline] --IV. Kirchenlieder [Church hymns] --V. Gebete.
650  0$aGregorian chants.
650  0$aMass (Music)$y1887.
650  0$aVespers (Music)$y1887.
650  0$aHymns, Latin.
650  0$aPrayer-books and devotions, German.
710 2 $aCatholic Church.$kLiturgy.$tC.O., Choir Book.
700 1 $aMohr, Joseph,$d1834-1892.
710 2 $aCatholic Church.
776 08$iOnline version:$tManuale cantorum.$b7. verb. Aufl.$dRegensburg ; New York und Cincinnati : Pustet, 1887$w(OCoLC)894221799
988   $a20020608
906   $0MH

