LEADER 00558nam a2200169K  4500
001 003000090-4
005 20020606093309.7
008 930424s1887    be            000 0 lat d
035 0 $aocm77944232
040   $aHLS$cHLS
110 2 $aCatholic Church.
245 10$aMissæ propriæ ad usum ecclesiæ Nanceiensis et Tullensis.
260   $aTornaci Nerviorum,$bSocietatis S. Joannis Evang., Desclée, Lefebvre et Soc., etc., etc.,$c1887.
300   $app. vi, 87, (1).$cfol.
710 2 $aCatholic Church.$kLiturgy.$tMissal.$gNancy & Tulle.
988   $a20020608
906   $0MH

