LEADER 00462nam a2200169K  4500
001 003000091-2
005 20020606093309.7
008 930424s1881    xx            000 0 lat d
035 0 $aocm78720996
040   $aHLS$cHLS
110 2 $aCatholic Church.
245 10$aProprium Missarum insulæ Sardiniæ.
260   $a[Taurini,$btyp. Petri Marietti,$c1881.]
300   $app. 8.$c4to
710 2 $aCatholic Church.$kLiturgy.$tMissal.$gSardinia.
988   $a20020608
906   $0MH

