LEADER 00525nam a2200169K  4500
001 003000092-0
005 20020606093309.7
008 930424s1887    gw            000 0 lat d
035 0 $aocm80479367
040   $aHLS$cHLS
110 2 $aCatholic Church.
245 10$aMissæ propriæ archidiœcesis Monacensis et Frisingensis Missalis Romano accommodatæ.
260   $a[Ratisbonæ,$btypis Fr. Pustet,$c1887.]
300   $app. 11+.$c8vo
710 2 $aCatholic Church.$kLiturgy.$tMissal.$gMünich & Freising.
988   $a20020608
906   $0MH

