LEADER 00611nam a2200169K  4500
001 003000093-9
005 20020606093309.7
008 930424s1881    fr            000 0 fre d
035 0 $aocn236063416
040   $aHLS$cHLS
110 2 $aCatholic Church.$bPope (1878-1903 : Leo XIII)
245 10$aLettre encyclique de sa sainteté le pape Léon XIII adressée aux patriarches primats, archevêques et évêques du monde catholique 29 juin 1881.
260   $aParis,$bLibrairie de la Société Bibliographique,$c[1881].
300   $app. 43.
650  0$aPapacy$tDoc. 1878-1903 (Leo XIII pope)
988   $a20020608
906   $0MH

