LEADER 00561nam a2200169K  4500
001 003000094-7
005 20020606093309.7
008 930424s1883    gw            000 0 lat d
035 0 $aocm79273688
040   $aHLS$cHLS
110 2 $aCatholic Church.
245 10$aMissæ propriæ Sanctorum et festorum mobilium ex indulto apostolico a clero diœcesis Lausannensis et Genevensis celebrandæ.
260   $aRatisbonæ,$bFriderici Pustet,$c1883.
300   $app. 12.$cfol.
710 2 $aCatholic Church.$kLiturgy.$tMissal.$gLausanne & Geneva.
988   $a20020608
906   $0MH

