LEADER 00807nam a2200181K  4500
001 003000096-3
005 20020606093309.7
008 930424s1886    it            000 0 lat d
035 0 $aocm80773300
040   $aHLS$cHLS
110 2 $aCatholic Church.$bCongregatio Rituum.
245 10$aSacra Rituum Congregatione eminentissimo ac reverendissimo domino Cardinali Massaia ponente seu relatore.$bVentimilien.concessionis et approbationis Missae et Officii proprii sub ritu dupl.2.ar classis in honorem S. Antonii abbatis. Instante reverendissimo episcopo Ventimiliensi.
260   $aRomae,$bTypis Guerra et Mirri,$c1886.
300   $app. (2), 8, 16.$cl.8vo
710 2 $aCatholic Church.$kLiturgy.$tMissal.$gVentimiglia.
710 2 $aCatholic Church.$kLiturgy.$tBreviary.$gVentimiglia.
988   $a20020608
906   $0MH

