LEADER 00824cam a2200241I  4500
001 003000097-1
005 20020606093309.7
008 721212s1947    nyuabef  b    000 0 eng  
010   $a   47002376 
035 0 $aocm00513168
040   $aDLC$cWSU$dSER$dOCL$dFLL
050 0 $aNA2550$b.H3 1947
082   $a720.1
100 1 $aHamlin, Talbot,$d1889-1956.
245 10$aArchitecture,$ban art for all men ...
260   $aNew York,$bColumbia University Press,$c1947.
300   $axxii, 279 p.$bfront., illus. (incl. map, plans) XXXII pl. on 16 ℓ.$c25 cm.
500   $aAt head of title: Talbot Hamlin.
500   $a"A complete rewriting of [the author's] The enjoyment of architecture."--Foreword.
504   $a"Suggested supplementary reading": p. [257]-261.
650  0$aArchitecture.
988   $a20020608
906   $0DLC

