LEADER 00494nam a2200169K  4500
001 003000098-X
005 20020606093309.7
008 930424s1887    xx            000 0 lat d
035 0 $aocm79612250
040   $aHLS$cHLS
110 2 $aCatholic Church.
245 10$aMissæ propriæ Congregationis Oratorii Domini Jesu et Mariæ Immaculatæ.
260   $aTuronibus,$btypis A. Mame,$c1887.
300   $app. 8.$c8vo
710 2 $aCatholic Church$kLiturgy.$tMissal.$sOratorian.
988   $a20020608
906   $0MH

