LEADER 00458nam a2200169K  4500
001 003000099-8
005 20020606093309.7
008 930424s1887    xx            000 0 lat d
035 0 $aocm83219211
040   $aHLS$cHLS
110 2 $aCatholic Church.
245 10$aMissæ propriæ diœcesis Elnensis.
260   $aTuronibus,$btypis A. Mame,$c1887.
300   $app. 54, (2).$cfol.
710 2 $aCatholic Church.$kLiturgy.$tMissal.$gElne.
988   $a20020608
906   $0MH

