LEADER 00467nam a2200169K  4500
001 003000100-5
005 20020606093309.7
008 930424s1887    gw            000 0 lat d
035 0 $aocm84258965
040   $aHLS$cHLS
110 2 $aCatholic Church.
245 10$aMissæ propriæ diœcesis Linciensis.
260   $a[Ratisbonæ,$bex officina Fr. Pustet,$c1887.]
300   $app. 11+.$c8vo
710 2 $aCatholic Church.$kLiturgy.$tMissal.$gLenz.
988   $a20020608
906   $0MH

