LEADER 00624nam a2200157K  4500
001 003000101-3
005 20020606093309.7
008 930424s1881    fr            000 0 fre d
035 0 $aocm80620871
040   $aHLS$cHLS
110 2 $aCatholic Church.
245 10$aLettre pastorale de S.E.le cardinal archevêque de Lyon, de nos seigneurs les archevêques d'Alger, Aix, [etc.] Au clergé et aux fidèles de leurs diocèses, pour recommander à leur zèle et à leur charité les facultés catholiques établies dans la ville de Lyon.
260   $a[Lyon,$bJ.B. Pélagaud,$c1881.]
300   $app. 15.$c4to
988   $a20020608
906   $0MH

