LEADER 00467nam a2200169K  4500
001 003000102-1
005 20020606093309.7
008 930424s1887    gw            000 0 lat d
035 0 $aocm84931435
040   $aHLS$cHLS
110 2 $aCatholic Church.
245 10$aMissæ propriæ diœcesis Ratisbonensis.
260   $a[Ratisbonæ,$btypis Fr. Pustet,$c1887.]
300   $app. 16.$c8vo
710 2 $aCatholic Church.$kLiturgy.$tMissal.$gRatisbon.
988   $a20020608
906   $0MH

