LEADER 00472nam a2200169K  4500
001 003000103-X
005 20020606093309.7
008 930424s1886    be            000 0 fre d
035 0 $aocm85198808
040   $aHLS$cHLS
110 2 $aCatholic Church.
245 10$aSupplément. 10 décembre.$cTransl. de la S. Maison de Lorette.
260   $a[Malines,$bH. Dessain,$c1886.]
300   $app. 20.$c12mo
710 2 $aCatholic Church.$kLiturgy.$tGradual.
988   $a20020608
906   $0MH

