LEADER 00467nam a2200169K  4500
001 003000104-8
005 20020606093309.7
008 930424s1887    gw            000 0 lat d
035 0 $aocm81156181
040   $aHLS$cHLS
110 2 $aCatholic Church.
245 10$aMissæ propriæ diœcesis Spirensis.
260   $a[Ratisbonæ,$bex officina Fr. Pustet,$c1887.]
300   $app. 12.$c8vo
710 2 $aCatholic Church.$kLiturgy.$tMissal.$gSpires.
988   $a20020608
906   $0MH

