LEADER 00529nam a2200169K  4500
001 003000105-6
005 20020606093309.7
008 930424s1883    fr            000 0 lat d
035 0 $aocm82737603
040   $aHLS$cHLS
110 2 $aCatholic Church.
245 10$aMissæ Sanctorum per universam ecclesiam celebrandæ.$c(Ex decreto SS.D.N.Leonis papæ XIII, 28 Julii 1882.)
260   $a[Paris,$bLibr. Poussielgue Frères,$c1883.]
300   $app. 10.$c8vo
710 2 $aCatholic Church.$kLiturgy.$tGradual.
988   $a20020608
906   $0MH

