LEADER 00859nam a2200181K  4500
001 003000106-4
005 20020606093309.7
008 930424s1881    it            000 0 lat d
035 0 $aocm78221171
040   $aHLS$cHLS
110 2 $aCatholic Church.$bCongregatio Rituum.
245 10$aSacra Rituum Congregatione em̃o ac revm̃o domino Card. Monaco La Valletta relatore.$bCongregationis Eremitarum S. Hieronymi concessionis et approbationis Officii et Missae propriae in honorem Beati Petri de Pisis fundatoris congregationis. Instante reverendissimo P. generali, congregatione universa, archiepiscopis et episcopis.
260   $aRomae,$bEx Typis Vaticanis,$c1881.
300   $app. (2), 14, 15+.$cl.8vo
710 2 $aCatholic Church.$kLiturgy.$tMissal.$bHieronymites.
710 2 $aCatholic Church.$kLiturgy.$tBreviary.$bHieronymites.
988   $a20020608
906   $0MH

