LEADER 00513nam a2200169K  4500
001 003000107-2
005 20020606093309.7
008 930424s1887    fr            000 0 lat d
035 0 $aocm80992425
040   $aHLS$cHLS
110 2 $aCatholic Church.
245 10$aMissæ propriæ pro clero civitatis atque integræ diœcesis Pictaviensis.
260   $aPictavii,$bapud H. Oudin, bibliopolam,$c1887.
300   $app. 55, (3).$cfol.
710 2 $aCatholic Church.$kLiturgy.$tMissal.$gPoitiers.
988   $a20020608
906   $0MH

