LEADER 00534nam a2200169K  4500
001 003000109-9
005 20020606093309.7
008 930424s1886    gw            000 0 lat d
035 0 $aocm78224035
040   $aHLS$cHLS
110 2 $aCatholic Church.
245 10$aSupplementum ad Graduale Romanum pro Congregatione Missionis S. Vincentii a Paulo.
260   $aRatisbonae, etc.,$bsumptibus, chartis et typis Friderici Pustet,$c1886.
300   $c12mo
710 2 $aCatholic Church.$kLiturgy.$tGradual.$sLazarist.
988   $a20020608
906   $0MH

