LEADER 00524nam a2200181K  4500
001 003000110-2
005 20020606093309.7
008 930424s1881    be            000 0 fre d
035 0 $aocm83068398
040   $aHLS$cHLS
110 2 $aCatholic Church.
245 10$aManuel des congrégations de la Sainte Vierge Marie.
260   $aTournay,$bDesclée, Lefebvre et cie.,$c1881.
300   $bFront.$c13 cm.
610 20$aCatholic Church.
710 2 $aCatholic Church.$kLiturgy.$tC.O. Lay Service Books.
988   $a20020608
906   $0MH

