LEADER 00470nam a2200169K  4500
001 003000111-0
005 20020606093309.7
008 930424s1891    gw            000 0 lat d
035 0 $aocm84571600
040   $aHLS$cHLS
110 2 $aCatholic Church.
245 10$aSupplementum ad Proprium Ratisbonense.
260   $a[Ratisbonæ,$bex officina Fr. Pustet,$c1891.]
300   $app. 4.$c8vo
710 2 $aCatholic Church.$kLiturgy.$tMissal.$gRatisbon.
988   $a20020608
906   $0MH

