LEADER 00512nam a2200169K  4500
001 003000112-9
005 20020606093309.7
008 930424s1883    xx            000 0 lat d
035 0 $aocm84255460
040   $aHLS$cHLS
110 2 $aCatholic Church.
245 10$aMissæ Sanctorum propriæ Comensis diœcesis per ordinem editæ ad commodiorem celebrantium usum.
260   $a[Taurini,$bn.pr.,$c1883.]
300   $app. 10, (2).$cfol.
710 2 $aCatholic Church.$kLiturgy.$tMissal.$gComo.
988   $a20020608
906   $0MH

