LEADER 00483nam a2200169K  4500
001 003000113-7
005 20020606093309.7
008 930424s1886    xx            000 0 lat d
035 0 $aocm83701958
040   $aHLS$cHLS
110 2 $aCatholic Church.
245 10$aSupplementum ad Officia propria Sanctorum diœcesis Patavinæ.
260   $a[Mechliniæ,$bH. Dessain,$c1886.]
300   $app. 36.$c16mo
710 2 $aCatholic Church.$kLiturgy.$tBreviary.$gPadua.
988   $a20020608
906   $0MH

