LEADER 00614nam a2200169K  4500
001 003000114-5
005 20020606093309.7
008 930424s1881    fr            000 0 fre d
035 0 $aocm78810476
040   $aHLS$cHLS
110 2 $aCatholic Church.
245 10$aManuel du pèlerin de Sainte Solange, vierge et martyre, patronne du Berry;$bsa vie, ses reliques, son culte, son office. Hymnes et cantiques.
260   $aBourges,$bTypographie Pigelet et fils et Tardy,$c1881.
300   $app. (6), v, (1), 156.$c24to
710 2 $aCatholic Church.$kLiturgy.$tC.O., Paroissiens, &c.,$gBourges.
988   $a20020608
906   $0MH

