LEADER 00510nam a2200169K  4500
001 003000115-3
005 20020606093309.7
008 930424s1891    fr            000 0 lat d
035 0 $aocm80701308
040   $aHLS$cHLS
110 2 $aCatholic Church.
245 10$aSupplementum Ordini communi pro Anno Domini 1891 ad usum Majoris Seminarii Bituricensis.
260   $a[Bourges,$btyp. Tardy-Pigelet].$c[1891].
300   $c24to
710 2 $aCatholic Church.$kLiturgy.$tDirectory.$gBourges.
988   $a20020608
906   $0MH

