LEADER 00940nam a2200181K  4500
001 003000116-1
005 20020606093309.7
008 930424s1881    it            000 0 lat d
035 0 $aocm79006736
040   $aHLS$cHLS
110 2 $aCatholic Church.$bCongregatio Rituum.
245 10$aSacra Rituum Congregatione em̃o et rm̃o domino Card. Joanne Baptista Pitra relatore.$bMatheranen seu Ordinis Minorum concessionis et approbationis Officii et Missae nec non elogii in Martyrologio ordinis inserendi in honorem Beati Ægidii a Laurentiana Ord. Min. S. Francisci. Instantibus RR. Archiepiscopo Acheruntino et Matheranensi, nec non ministro generali Ordinis Minorum cum causae postulatore.
260   $aRomae,$bEx Typographia Vaticana,$c1881.
300   $app. (2), 3, (1), 4, 4, 4.$cl.8vo
710 2 $aCatholic Church.$kLiturgy.$tBreviary.$sFranciscan.
710 2 $aCatholic Church.$kLiturgy.$tMissal.$sFranciscan.
988   $a20020608
906   $0MH

