LEADER 00486nam a2200169K  4500
001 003000117-X
005 20020606093309.7
008 930424s1891    be            000 0 lat d
035 0 $aocm79743786
040   $aHLS$cHLS
110 2 $aCatholic Church.
245 10$aSupplementum pro regno Scotiae.
260   $a[Tornaci,$btyp. Soc. S. Joannis Evang., Lefebvre et Soc.,$c1891.]
300   $app. 8.$c12mo
710 2 $aCatholic Church.$kLiturgy.$tBreviary.$gScotland.
988   $a20020608
906   $0MH

