LEADER 00475nam a2200169K  4500
001 003000118-8
005 20020606093309.7
008 930424s1886    xx            000 0 lat d
035 0 $aocm78249560
040   $aHLS$cHLS
110 2 $aCatholic Church.
245 10$aSupplementum pro dioecesi Mariannensi.
260   $a[Mechliniae,$bH. Dessain,$c1886.]
300   $a4 pts.$c16mo
710 2 $aCatholic Church.$kLiturgy.$tBreviary.$gMarianna, Minas Geraes.
988   $a20020608
906   $0MH

