LEADER 00618nam a2200169K  4500
001 003000119-6
005 20020606093309.7
008 930424s1891    fr            000 0 fre d
035 0 $aocm77859357
040   $aHLS$cHLS
110 2 $aCatholic Church.
245 10$aVie et Office de saint Sébastien, martyr.$cAvec des prières à l'usage des pèlerins qui viennent honorer ses reliques dans l'église de Merfy (diocèse de Reims).
260   $aReims,$bImpr. Dubois-Poplimont,$c1891.
300   $app. 98, (2).$bIllustr.$c8vo
710 2 $aCatholic Church.$kLiturgy.$bC.O., Officia propria.$gMerfy.
988   $a20020608
906   $0MH

