LEADER 00498nam a2200169K  4500
001 003000120-X
005 20020606093309.7
008 930424s1892    xx            000 0 lat d
035 0 $aocm81856901
040   $aHLS$cHLS
110 2 $aCatholic Church.
245 10$aAddenda Missali Romano nuperrimæ editionis pro sancta Genuensi ecclesia.
260   $a[Taurini,$btyp. Petri Marietti,$c1892.]
300   $app. 40.$cfol.
710 2 $aCatholic Church.$kLiturgy.$tMissal.$gGenoa.
988   $a20020608
906   $0MH

