LEADER 01287cam a2200289I  4500
001 003000121-8
005 20020606093309.7
008 721212s1965    ilu           000 0 eng c
010   $aa  66007207 
035 0 $aocm00513206
040   $aIllinois. Univ. Library$cWSU$dFDA$dm/c$dFLL
043   $an-us-il
050  4$aHT167.5.I3$bG6
090   $aNA9125.I3$bG6
100 1 $aGoodman, William I.,$d1919-
245 10$aCity planning in the sixties,$ba restatement of principles and techniques$c[by] William I. Goodman and Jerome L. Kaufman.
260   $aUrbana,$bBureau of Community Planning, University of Illinois,$c1965.
300   $a74 p.$c26 cm.
500   $a"Originally published in 1961 under the direction of the Illinois Planning Policy Committee" under the title: Statements on policy planning.
504   $aIncludes bibliographies.
650  0$aCity planning$zIllinois.
700 1 $aKaufman, Jerome L.,$ejoint author.
710 2 $aUniversity of Illinois (Urbana-Champaign campus).$bBureau of Community Planning.
700 1 $aKaufman, Jerome L.,$eauthor.
776 08$iOnline version:$aGoodman, William I., 1919-$tCity planning in the sixties.$dUrbana, Bureau of Community Planning, University of Illinois, 1965$w(OCoLC)621712616
988   $a20020608
906   $0OCLC

