LEADER 00466nam a2200169K  4500
001 003000122-6
005 20020606093309.7
008 930424s1892    xx            000 0 lat d
035 0 $aocm82301903
040   $aHLS$cHLS
110 2 $aCatholic Church.
245 10$aAdditio Missali Sacri Ordinis Prædicatorum.
260   $a[Mechliniæ,$bH. Dessain,$c1892.]
300   $app. 3+.$c8vo
710 2 $aCatholic Church.$kLiturgy.$tMissal.$gDominican.
988   $a20020608
906   $0MH

