LEADER 00533nam a2200193I  4500
001 003000123-4
005 20020606093309.7
008 721212s1960    ohu           000 0 eng d
035 0 $aocm00513215
040   $aWSU$cWSU$dFLL
090   $aNA9125.O3$bG7
110 2 $aGreene-Montgomery County Open Space Committee.
245 12$aA legacy for the future.
260   $a[Dayton, Ohio,$c1960?]
300   $a63 p.
650  0$aGreenbelts$zOhio$zGreene County.
650  0$aGreenbelts$zOhio$zMontgomery County.
988   $a20020608
906   $0OCLC

