LEADER 00651nam a2200157K  4500
001 003000124-2
005 20020606093309.7
008 930424s1881    ie            000 0 eng d
035 0 $aocm82789157
040   $aHLS$cHLS
110 2 $aCatholic Church.$kLiturgy.$tMissal.
245 14$aThe sacred ceremonies of low mass,$baccording to the Roman rite.$cFrom the stereotyped Roman ed., corrected and enlarged by a priest of the congregation of the mission. Edited, with additions and notes, and harmonized with the latest decrees, by a priest of the same congregation.
260   $aDublin,$bBrowne & Nolan,$c1881.
300   $c[19 cm.]
988   $a20020608
906   $0MH

