LEADER 00473nam a2200169K  4500
001 003000125-0
005 20020606093309.7
008 930424s1892    gw            000 0 lat d
035 0 $aocm77580508
040   $aHLS$cHLS
110 2 $aCatholic Church.
245 10$aBenedictio aquae in vigilia Epiphaniae Domini.
260   $a[Ratisbonae,$bFr. Pustet,$c1892.]
300   $app. 23, (1).$c16mo
710 2 $aCatholic Church.$kLiturgy.$tC.O., Choir Books.
988   $a20020608
906   $0MH

