LEADER 00546nam a2200181K  4500
001 003000126-9
005 20020606093309.7
008 930424s1883    fr            000 0 fre d
035 0 $aocm81270373
040   $aHLS$cHLS
110 2 $aCatholic Church.
245 10$aNouveaux offices pour l'Église Universelle.$c(Décret du 28 juillet 1882.)
260   $a[Paris,$bLibrairie Poussielgue Frères,$c1883.]
300   $app. 8.$c8vo
700 1 $aValfray, Pierre,$eed.
710 2 $aCatholic Church.$kLiturgy.$tC.O., Choir Book.
988   $a20020608
906   $0MH

