LEADER 00492nam a2200169K  4500
001 003000127-7
005 20020606093309.7
008 930424s1884    xx            000 0 lat d
035 0 $aocm77607216
040   $aHLS$cHLS
110 2 $aCatholic Church.
245 10$aSupplementum ad Proprium festorum Congregationis SS. Redemptoris.
260   $a[Mechliniæ,$bH. Dessain,$c1884.]
300   $a4 pts.$c16mo
710 2 $aCatholic Church.$kLiturgy.$tBreviary.$sRedemptorist.
988   $a20020608
906   $0MH

