LEADER 00570nam a2200181K  4500
001 003000128-5
005 20020606093309.7
008 930424s1892    fr            000 0 lat d
035 0 $aocm83478472
040   $aHLS$cHLS
110 2 $aCatholic Church.
245 10$aCantus varii, ad usum Congregationis Oratorii Domini Jesu et Mariæ Immaculatæ.
260   $aParisiis,$bapud Carolum Poussielgue,$c1892.
300   $app. (2), 60.$c8vo
650  0$aGregorian chants.
710 2 $aCatholic Church.$kLiturgy.$tC.O., Choir Books.$sOratorian Fathers.
988   $a20020608
906   $0MH

