LEADER 00490nam a2200169K  4500
001 003000129-3
005 20020606093309.7
008 930424s1885    xx            000 0 lat d
035 0 $aocm79142685
040   $aHLS$cHLS
110 2 $aCatholic Church.
245 10$aAppendix ad Vesperale monasticum.$bIn festo S. Mauri abbatis.
260   $a[Mechliniae,$bH. Dessain,$c1885.]
300   $app. 16.$c12mo
710 2 $aCatholic Church.$kLiturgy.$tAntiphoner.$sBenedictine.
988   $a20020608
906   $0MH

