LEADER 00674nam a2200169K  4500
001 003000130-7
005 20020606093309.7
008 930424s1881    fr            000 0 fre d
035 0 $aocm77626054
040   $aHLS$cHLS
110 2 $aCatholic Church.
245 10$aVéronique, ou La Sainte Face de Notre-Seigneur Jésus-Christ;$bnotice historique sur cette insigne et très sainte relique majeure de la Basilique Vaticane. Approuvée par Mgr l'Archevêque de Tours. Prières et indulgences.
260   $aTours,$bImpr. Juliot, lithographe,$c1881.
300   $app. 90.$bEngr.$c24to
710 2 $aCatholic Church.$kLiturgy.$tC.O., Paroissiens, &c.$gTours.
988   $a20020608
906   $0MH

