LEADER 00630nam a2200169K  4500
001 003000131-5
005 20020606093309.7
008 930424s1882    xx            000 0 lat d
035 0 $aocm77641727
040   $aHLS$cHLS
110 2 $aCatholic Church.
245 10$aOrdo Divini Officii recitandi Missæque celebrandæ juxta ritum sanctæ Romanæ Ecclesiæ ad usum diœcesis Bisuntinæ vicariorum capitularium sede vacante jussu et auctoritate editus pro A.D. 1882.
260   $aVesontione,$bex typis Outhenin-Chalandre,$c1882.
300   $c12mo
710 2 $aCatholic Church.$kLiturgy.$tDirectory.$gBesançon.
988   $a20020608
906   $0MH

