LEADER 01301cas a2200373 a 4500
001 003000132-3
005 20070830174029.0
008 750812d19261960fr  x p       0    0fre d
010   $asn 93031623 $z   36015449 
035 0 $aocm01538029$zocm01086951
035 0 $aocm01538029
040   $aMUL$cMUL$dUCU$dIUL$dNYG$dOCL$dm/c$dHUL
042   $alcd
050 00$aN2$b.C35
082   $a705
245 00$aCahiers d'art.
260   $aParis :$bC. Zervos,$c[1926-1960]
300   $a35 v. :$bill. (some col.) ;$c32 cm.
310   $aIrregular,$b1940-1960
321   $aTen no. a year (irregular),$b1926-1939
362 0 $a[1. année], no 1 (janv. 1926)-
362 1 $aCeased with 33./35. années (1960)?
500   $aTitle from cover.
500   $aEditor: 1926- Christian Zervos.
500   $aPublished: Paris : Editions "Cahiers d'Art," nov. 1926-1960.
515   $aVols. for 20./21., 31./32. and 33./35. années issued combined.
515   $aSuspended 1941-43, resumed in 1944 with 15./19. année covering the war years.
525   $aSupplementary "Feuilles volantes" are included with vols. for 1927 and 1928.
650  0$aArt$vPeriodicals.
650  0$aArts$vPeriodicals.
700 1 $aZervos, Christian.
730 0 $aFeuilles volantes.
988   $a20020608
906   $0OCLC

