LEADER 00596nam a2200169K  4500
001 003000133-1
005 20020606093309.7
008 930424s1882    fr            000 0 lat d
035 0 $aocm79281066
040   $aHLS$cHLS
110 2 $aCatholic Church.
245 10$aBreve Aginnense,$bsive Ordo Divini Officii in ecclesia Aginnensi recitandi sacrique peragendi juxta rubricas Breviarii ac Missalis sanctæ Romanæ Ecclesiæ per A.D. 1882.
260   $aAginni,$bP. Noubel, ve Lamy, successor,$c1882.
300   $c12mo
710 2 $aCatholic Church.$kLiturgy.$tDirectory.$gAgen.
988   $a20020608
906   $0MH

