LEADER 00477nam a2200169K  4500
001 003000134-X
005 20020606093309.7
008 930424s1885    gw            000 0 lat d
035 0 $aocm78927102
040   $aHLS$cHLS
110 2 $aCatholic Church.
245 10$aAppendix Missarum pro diœcesi Bobiensi.
260   $a[Ratisbonæ,$bex officina Fr. Pustet,$c1885.]
300   $app. 13, (3).$cfol.
710 2 $aCatholic Church.$kLiturgy.$tMissal.$gBobbio.
988   $a20020608
906   $0MH

