LEADER 00566nam a2200169K  4500
001 003000135-8
005 20020606093309.7
008 930424s1882    be            000 0 lat d
035 0 $aocm81630879
040   $aHLS$cHLS
110 2 $aCatholic Church.
245 10$aBreviarium Romanum ex decreto SS. Concilii Tridentini restitutum.$bCum officiis sanctorum novissime usque ad hanc diem concessis. Pars hiemalis.
260   $aMechliniæ,$bH. Dessain,$c1882.
300   $app. liv, 456, (255), 16.
710 2 $aCatholic Church.$kLiturgy.$tBreviary.
988   $a20020608
906   $0MH

