LEADER 00565nam a2200169K  4500
001 003000136-6
005 20020606093309.7
008 930424m18821886fr            000 0 lat d
035 0 $aocm83142207
040   $aHLS$cHLS
110 2 $aCatholic Church.
245 10$aOrdo Divini Officii recitandi peragendi juxta ritum sanctæ Romanæ Ecclesiae ad usum dioecesis Nemausensis pro Anno Domini 1882, [1886].
260   $aNemausi,$btypis Dubois,$c(1882, 1886)
300   $a2 in 1.$c12mo
710 2 $aCatholic Church.$kLiturgy.$tDirectory.$gNemours.
988   $a20020608
906   $0MH

