LEADER 00497nam a2200157K  4500
001 003000137-4
005 20020606093309.7
008 930424s1885    it            000 0 ita d
035 0 $aocm80227668
040   $aHLS$cHLS
110 2 $aCatholic Church.$bPope (1523-1534 : Clement VII)
245 14$aUna bolla del papa Clemente VII scritta in Castel Sant' Angelo (Maggio-Dicembre 1527)
260   $aFirenze,$bCellini,$c1885.
690  9$aPapacy$xDocts.$y1523-34 (Clemens VII)$5wid
988   $a20020608
906   $0MH

