LEADER 00541nam a2200169K  4500
001 003000138-2
005 20020606093309.7
008 930424s1885    xx            000 0 lat d
035 0 $aocm80354940
040   $aHLS$cHLS
110 2 $aCatholic Church.
245 10$aOfficia propria diœcesis Burdigalensis.
260   $aTornaci Nerviorum,$btyp. Soc. S. Joannis Evang., Desclée, Lefebvre et Soc.,$c1885.
300   $a4 pts. (with covering title-page).$c12mo
710 2 $aCatholic Church.$kLiturgy.$tBreviary.$gBordeaux.
988   $a20020608
906   $0MH

