LEADER 00456nam a2200169K  4500
001 003000139-0
005 20020606093309.7
008 930424s1883    be            000 0 lat d
035 0 $aocm84174405
040   $aHLS$cHLS
110 2 $aCatholic Church.
245 10$aOfficia nova pro clero Neapolitano.
260   $a[Mechliniæ,$bH. Dessain,$c1883.]
300   $a4 pts.$c12mo
710 2 $aCatholic Church.$kLiturgy.$tBreviary.$gNaples.
988   $a20020608
906   $0MH

