LEADER 00482nam a2200169K  4500
001 003000140-4
005 20020606093309.7
008 930424s1885    fr            000 0 lat d
035 0 $aocm81115095
040   $aHLS$cHLS
110 2 $aCatholic Church.
245 10$aOfficia propria diœcesis Suessionensis.
260   $aParisiis,$bapud Roger et Chernoviz, editores,$c1885.
300   $a4 pts.$c12mo
710 2 $aCatholic Church.$kLiturgy.$tBreviary.$gSoissons.
988   $a20020608
906   $0MH

