LEADER 00511nam a2200169K  4500
001 003000141-2
005 20020606093309.7
008 930424s1893    gw            000 0 lat d
035 0 $aocm80872053
040   $aHLS$cHLS
110 2 $aCatholic Church.
245 10$aOfficia propria Sanctorum archidiœcesis Guatimalensis.
260   $aRatisbonæ, etc.,$bFr. Pustet,$c1893.
300   $a4 pts. (with covering title-page).$c12mo
710 2 $aCatholic Church.$kLiturgy.$tBreviary.$gGuatemala.
988   $a20020608
906   $0MH

