LEADER 00490nam a2200169K  4500
001 003000142-0
005 20020606093309.7
008 930424s1885    gw            000 0 lat d
035 0 $aocm78620371
040   $aHLS$cHLS
110 2 $aCatholic Church.
245 10$aMissæ propriæ pro ecclesiis Ordinis Monialium Visitationis.
260   $a[Ratisbonæ,$btypis Fr. Pustet,$c1885.]
300   $app. 4.$cfol.
710 2 $aCatholic Church.$kLiturgy.$tMissal.$gVisitation.
988   $a20020608
906   $0MH

