LEADER 00617nam a2200169K  4500
001 003000143-9
005 20020606093309.7
008 930424m18821915fr            000 0 lat d
035 0 $aocm79966955
040   $aHLS$cHLS
110 2 $aCatholic Church.
245 10$aOrdo Divini Officii recitandi sacrique peragendi a clero Pictaviensi juxta rubicas Breviarii et Missalis Romani editus pro Anno Domini 1882, [1889, 1902-1904, 1913, 1915].
260   $aPictavii,$be typis Oudin,$c[1882, 1889, 1902-1904, 1913, 1915].
300   $c16mo
710 2 $aCatholic Church.$kLiturgy.$tDirectory.$gPoitiers.
988   $a20020608
906   $0MH

