LEADER 00541nam a2200169K  4500
001 003000144-7
005 20020606093309.7
008 930424s1881    xx            000 0 lat d
035 0 $aocm79708843
040   $aHLS$cHLS
110 2 $aCatholic Church.
245 10$aMissæ propriæ ecclesiæ collegiatæ et civitatis Aquisgranensis.
260   $a[Tornaci,$bTypis Societatis S. Joannis Evang., Desclée, Lefebvre et Soc.,$c1881.]
300   $app. 6.$cfol.
710 2 $aCatholic Church.$kLiturgy.$tMissal.$gAix-les-Bains.
988   $a20020608
906   $0MH

