LEADER 00545nam a2200169K  4500
001 003000145-5
005 20020606093309.7
008 930424s1885    it            000 0 lat d
035 0 $aocm80918502
040   $aHLS$cHLS
110 2 $aCatholic Church.
245 10$aOfficia propria in ecclesiis Subalpinis et Liguriae praeter ea quae in super. append. pro aliq. locis continentur.
260   $a[Taurini,$bP. Marietti,$c1885.]
300   $app. 58, (6).$c24to
710 2 $aCatholic Church.$kLiturgy.$tBreviary.$gPiedmont, &c.
988   $a20020608
906   $0MH

