LEADER 00467nam a2200169K  4500
001 003000146-3
005 20020606093309.7
008 930424s1881    xx            000 0 lat d
035 0 $aocm81700118
040   $aHLS$cHLS
110 2 $aCatholic Church.
245 10$aMissæ propriæ ecclesiæ Sancti Flori.
260   $aTuronibus,$btypis A. Mame,$c1881.
300   $app. 55, (1).$cfol.
710 2 $aCatholic Church.$kLiturgy.$tMissal.$gSt. Flour.
988   $a20020608
906   $0MH

