LEADER 00553nam a2200181K  4500
001 003000147-1
005 20020606093309.7
008 930424s1885    be            000 0 lat d
035 0 $aocm78420999
040   $aHLS$cHLS
110 2 $aCatholic Church.
245 10$aMissae propriae Sanctorum Belgii.
260   $aTornaci,$b[Desclée, Lefebvre et Soc.],$c1885.
300   $app. 72.$c32mo
501   $aBound with a Parvum Missale juxta Missale Romanum. Torn. Nerv., 1885.
710 2 $aCatholic Church.$kLiturgy.$tMissal.$gBelgium.
988   $a20020608
906   $0MH

