LEADER 00547nam a2200169K  4500
001 003000148-X
005 20020606093309.7
008 930424m18909999fr            000 0 lat d
035 0 $aocm80042032
040   $aHLS$cHLS
110 2 $aCatholic Church.
245 10$aOrdo Divini Officii recitandi Missæque celebrandæ juxta ritum Sacri Ordinis Fratrum Prædicatorum pro Franciæ provincia.
260   $aParisiis,$btypis Felix Jourdan.
300   $c16mo
710 2 $aCatholic Church.$kLiturgy.$tDirectory.$sDominicans, France.
988   $a20020608
906   $0MH

