LEADER 00542nam a2200169K  4500
001 003000149-8
005 20020606093309.7
008 930424s1881    xx            000 0 lat d
035 0 $aocm82106109
040   $aHLS$cHLS
110 2 $aCatholic Church.
245 10$aMissæ propriæ et apostolicæ sedis indulto in diœcesi Tarbiensi celebrandæ.
260   $a[Tornaci,$bTypis Soc. S. Joannis Evang., Desclée, Lefebvre et Soc.,$c1881.]
300   $app. 20.$cfol.
710 2 $aCatholic Church.$kLiturgy.$tMissal.$gTarbes.
988   $a20020608
906   $0MH

