LEADER 00553nam a2200169K  4500
001 003000150-1
005 20020606093309.7
008 930424s1885    be            000 0 lat d
035 0 $aocm83615969
040   $aHLS$cHLS
110 2 $aCatholic Church.
245 10$aMissae propriae Sanctorum pro clero civitatis ac dioecesis Trecensis.
260   $a[Tornaci,$bTypis Societatis Sancti Joannis Evangelistae, Desclée, Lefebvre et Soc.,$c1885.]
300   $app. 10, (6).$cfol.
710 2 $aCatholic Church.$kLiturgy.$tMissal.$gTroyes.
988   $a20020608
906   $0MH

