LEADER 00502nam a2200169K  4500
001 003000151-X
005 20020606093309.7
008 930424s1893    fr            000 0 fre d
035 0 $aocm84860216
040   $aHLS$cHLS
110 2 $aCatholic Church.
245 13$aLe petit Office de la très sainte Vierge.$bNoté en plain-chant.
260   $aSolesmes,$bImprimerie Saint-Pierre,$c1893.
300   $app. 92.$c8vo
710 2 $aCatholic Church.$kLiturgy.$tAntiphoner.$sBenedictine.
988   $a20020608
906   $0MH

