LEADER 00463nam a2200169K  4500
001 003000152-8
005 20020606093309.7
008 930424s1881    xx            000 0 lat d
035 0 $aocm83413926
040   $aHLS$cHLS
110 2 $aCatholic Church.
245 10$aMissæ propriæ pro aliquibus locis Hispaniæ.
260   $a[Mechliniæ,$bH. Dessain,$c1881.]
300   $app. 4.$c4to
710 2 $aCatholic Church.$kLiturgy.$tMissal.$gSpain.
988   $a20020608
906   $0MH

