LEADER 00466nam a2200169K  4500
001 003000153-6
005 20020606093309.7
008 930424s1885    xx            000 0 lat d
035 0 $aocm81363888
040   $aHLS$cHLS
110 2 $aCatholic Church.
245 10$aOfficia propria pro metropolitana ecclesia Taurinensi.
260   $a[Taurini,$bn.pr.,$c1885.]
300   $a4 pts.$c12mo
710 2 $aCatholic Church.$kLiturgy.$tBreviary.$gTurin.
988   $a20020608
906   $0MH

