LEADER 00475nam a2200169K  4500
001 003000154-4
005 20020606093309.7
008 930424s1881    xx            000 0 lat d
035 0 $aocm81628402
040   $aHLS$cHLS
110 2 $aCatholic Church.
245 10$aMissæ propriæ Sanctorum diœcesis Monasteriensis.
260   $a[Tornaci,$bn. pr.,$c1881.]
300   $app. iv, 20, (2).$c16mo
710 2 $aCatholic Church.$kLiturgy.$tMissal.$gMünster.
988   $a20020608
906   $0MH

