LEADER 00523nam a2200169K  4500
001 003000155-2
005 20020606093309.7
008 930424s1885    gw            000 0 lat d
035 0 $aocm82301909
040   $aHLS$cHLS
110 2 $aCatholic Church.
245 10$aMissæ propriæ Sanctorum pro regnis Portugalliæ, Algarbiæ et Brasiliæ.
260   $a[Ratisbonæ,$bex officina Friderici Pustet,$c1885.]
300   $app. 22, (2).$cfol.
710 2 $aCatholic Church.$kLiturgy.$tMissal.$gPortugal, &c.
988   $a20020608
906   $0MH

