LEADER 00477nam a2200169K  4500
001 003000156-0
005 20020606093309.7
008 930424s1893    xx            000 0 lat d
035 0 $aocm77658169
040   $aHLS$cHLS
110 2 $aCatholic Church.
245 10$aProprium missarum diœceseos Passaviensis.
260   $a[Passaviæ,$bex officina Fr. Pustet,$c1893.]
300   $app. 15, (1).$c8vo
710 2 $aCatholic Church.$kLiturgy.$tMissal.$gPassau.
988   $a20020608
906   $0MH

