LEADER 00940nam a2200205K  4500
001 003000157-9
005 20020606093309.7
008 930424s1866    fr            000 0 lat d
035 0 $aocm82540221
040   $aHHG$cHHG
110 2 $aCatholic Church.
245 10$a[Officium Beatæ Mariæ Virginis et quædam alia.]$bŒuvre de Jehan Foucquet Heures de Maistre Estienne Chevalier Texte restitue$cpar M. l'abbé Delaunay. [Reproduction of the 40 miniatures of Jean Foucquet, belonging to Louis Brentano at Frankfort and of other works of Foucquet, with a text composed of the Office of the Holy Virgin, the Office of the Passion, prayers to the saints, and meditations. Edited by L. Curmer.]
260   $aParis,$c1866.
300   $bPort. of Pius IX & 60 chromo-lith. pls.$c4to
700 1 $aFoucquet, Jehan.
700 0 $aHeures.
700 0 $aDelaunay,$cl'abbé M.
710 2 $aCatholic Church.$kLiturgy.$tHours.
988   $a20020608
906   $0MH

