LEADER 00555nam a2200169K  4500
001 003000158-7
005 20020606093309.7
008 930424s1885    it            000 0 lat d
035 0 $aocm83350660
040   $aHLS$cHLS
110 2 $aCatholic Church.
245 10$aMissæ propriæ Sanctorum quæ in Hispania celebrantur, cum Supplemento pro diœcesibus Cathalauniæ.
260   $aAugustæ Taurinorum,$bex typographia Eq. Petri Marietti,$c1885.
300   $app. (4), 52.$cfol.
710 2 $aCatholic Church.$kLiturgy.$tMissal.$gSpain.
988   $a20020608
906   $0MH

