LEADER 00544nam a2200181K  4500
001 003000159-5
005 20020606093309.7
008 930424s1885    be            000 0 lat d
035 0 $aocm80165616
040   $aHLS$cHLS
110 2 $aCatholic Church.
245 10$a[Officia propria] pro tota Diœcesi Goana.
260   $aMechliniæ,$bH. Dessain,$c1885.
300   $app. 8.$c32mo
501   $aBound with a Parvum Missale juxta Missale Romanum. Torn. Nerv., 1885.
710 2 $aCatholic Church.$kLiturgy.$tBreviary.$gGoa.
988   $a20020608
906   $0MH

