LEADER 00633nam a2200169K  4500
001 003000160-9
005 20020606093309.7
008 930424s1893    it            000 0 lat d
035 0 $aocm80515744
040   $aHLS$cHLS
110 2 $aCatholic Church.$bCongregatio Rituum.
245 10$aSacra rituum congregatione Card. L.M. Parocchi relatore. Aurelianen. Beatificationis et canonizationis Joannae de Arc, Puellae Aurelianensis nuncupatae.$cPositio super introductione causae.
260   $aRomae,$btyp. S.C. de Propagande Fide,$c1893.
300   $app. (976).$cfol.
600 00$aJoan,$cof Arc, Saint,$d1412-1431.
988   $a20020608
906   $0MH

