LEADER 00476nam a2200169K  4500
001 003000162-5
005 20020606093309.7
008 930424s1885    be            000 0 lat d
035 0 $aocm80707199
040   $aHLS$cHLS
110 2 $aCatholic Church.
245 10$aOfficia propria sanctorum archidiœcesis Hispalensis.
260   $a[Mechliniæ,$bH. Dessain,$c1885.]
300   $app. 36.$c24to
710 2 $aCatholic Church.$kLiturgy.$tBreviary.$gSeville.
988   $a20020608
906   $0MH

