LEADER 00502nam a2200169K  4500
001 003000163-3
005 20020606093309.7
008 930424s1885    gw            000 0 lat d
035 0 $aocm79833678
040   $aHLS$cHLS
110 2 $aCatholic Church.
245 10$aOfficia propria ad Vesperale Romanum in usum diœcesium Angliæ.
260   $a[Ratisbonæ,$bex off. Fr. Pustet,$c1885.]
300   $app. 31, (1).$c12mo
710 2 $aCatholic Church.$kLiturgy.$tAntiphoner.$gEngland.
988   $a20020608
906   $0MH

