LEADER 00561nam a2200169K  4500
001 003000164-1
005 20020606093309.7
008 930424s1885    xx            000 0 lat d
035 0 $aocm81882576
040   $aHLS$cHLS
110 2 $aCatholic Church.
245 10$aOfficia propria Sanctorum Fratribus et Monialibus Carmelitis Discalceatis Ordinis Beatissimæ Virginis Mariæ de Monte Carmelo.
260   $aVenetiis,$bEx Typographia Æmiliana,$c1885.
300   $a4 pts.$c12mo
710 2 $aCatholic Church.$kLiturgy.$tBreviary.$sCarmelite.
988   $a20020608
906   $0MH

