LEADER 00478nam a2200169K  4500
001 003000165-X
005 20020606093309.7
008 930424s1893    xx            000 0 lat d
035 0 $aocm79341317
040   $aHLS$cHLS
110 2 $aCatholic Church.
245 10$aSupplementum ad Breviarium Sacri Ordinis Prædicatorum.
260   $a[Mechliniæ,$bH. Dessain,$c1893.]
300   $a2 pts.$c12mo
710 2 $aCatholic Church.$kLiturgy.$tBreviary.$gDominican
988   $a20020608
906   $0MH

