LEADER 00457nam a2200169K  4500
001 003000166-8
005 20020606093309.7
008 930424s1885    xx            000 0 lat d
035 0 $aocm84174409
040   $aHLS$cHLS
110 2 $aCatholic Church.
245 10$aOfficia propria diœcesium Angliæ.
260   $a[Mechliniæ,$bH. Dessain,$c1885.]
300   $a4 pts.$c24to
710 2 $aCatholic Church.$kLiturgy.$tBreviary.$gEngland.
988   $a20020608
906   $0MH

