LEADER 00528nam a2200169K  4500
001 003000167-6
005 20020606093309.7
008 930424s1885    xx            000 0 lat d
035 0 $aocm80275301
040   $aHLS$cHLS
110 2 $aCatholic Church.
245 10$aOfficia propria Sanctorum qui in Hispania celebrantur.
260   $aTaurini,$bEx typ.Pont.et Archiep. Eq.Petri Marietti,$c1885.
300   $a4 pts. (with covering title-page).$c12mo
710 2 $aCatholic Church.$kLiturgy.$tBreviary.$gSpain.
988   $a20020608
906   $0MH

