LEADER 00643nam a2200205K  4500
001 003000168-4
005 20020606093309.7
008 930424s1867    fr            000 0 lat d
035 0 $aocm83142539
040   $aHHG$cHHG
110 2 $aCatholic Church.
245 10$a[Officium Beatæ Mariæ Virginis et quædam alia.]$bAppendice.$cEdited by L. Curmer.]
260   $aParis,$c1867.
300   $bPortrait of Curmer's wife (?) and of Foucquet, 42 illus. and 7 chromo-lith. pls.$c4to
700 1 $aFoucquet, Jehan.
700 0 $aHeures.
700 0 $aDelaunay,$cM. l'abbé.
710 2 $aCatholic Church.$kLiturgy.$tHours.
988   $a20020608
906   $0MH

