LEADER 00682nam a2200181K  4500
001 003000169-2
005 20020606093309.7
008 930424s1882    xx            000 0 lat d
035 0 $aocm83006859
040   $aHLS$cHLS
110 2 $aCatholic Church.
245 10$aOrdo Divini Officii recitandi sacrique peragendi a clero Tutelensi juxta rubricas Breviarii et Missalis Romani attenta concessione proprii a S.R.C. dioecesi facta, editus pro Anno Domini 1882.
260   $aTutelae,$bet typis Mazeyrie,$c[1882].
300   $c12mo
501   $a1882 bound together with the Ordo Bituricensis for 1880.
710 2 $aCatholic Church.$kLiturgy.$tDirectory.$gTulle.
988   $a20020608
906   $0MH

