LEADER 00575nam a2200169K  4500
001 003000170-6
005 20020606093309.7
008 930424s1893    be            000 0 lat d
035 0 $aocm80080247
040   $aHLS$cHLS
110 2 $aCatholic Church.
245 10$aSupplementum ad usum provinciarum Quebecensis,$bMarianopolitanæ et Ottaviensis in regione Canadensi.
260   $a[Tornaci (Belg.),$bTypis Societatis S. Joannis Evangelistæ,$c1893.]
300   $a4 pts.$c16mo
710 2 $aCatholic Church.$kLiturgy.$tBreviary.$gQuebec, Montreal, Ottawa.
988   $a20020608
906   $0MH

