LEADER 00533nam a2200169K  4500
001 003000171-4
005 20020606093309.7
008 930424s1885    xx            000 0 lat d
035 0 $aocm84431988
040   $aHLS$cHLS
110 2 $aCatholic Church.
245 10$aOfficium B.M.V.de Guadalupe Mexicanæ,$bsive regni Novæ Hisp.
260   $a[Tornaci,$bTypis Soc.S.Joann. Evang., Desclée, Lefebvre et Soc.,$c1885.]
300   $app. 6.$c16mo
710 2 $aCatholic Church.$kLiturgy.$tBreviary.$gSpain and Mexico.
988   $a20020608
906   $0MH

