LEADER 00612nam a2200169K  4500
001 003000172-2
005 20020606093309.7
008 930424s1885    xx            000 0 lat d
035 0 $aocm82287697
040   $aHLS$cHLS
110 2 $aCatholic Church.
245 10$aOfficium proprium in honorem B.M.V.sub titulo De Consolatione,$cpro archidiœcesi Taurinensi nuperrime approbatum atque concessum per Decretum SS.R. Congr. 7 Maji 1885.
260   $aAugustæ Taurinorum,$bEq. Petrus Marietti,$c[1885].
300   $app. 10, (2).$c12mo
710 2 $aCatholic Church.$kLiturgy.$tBreviary.$gTurin.
988   $a20020608
906   $0MH

