LEADER 00588nam a2200169K  4500
001 003000173-0
005 20020606093309.7
008 930424s1882    xx            000 0 lat d
035 0 $aocm78836207
040   $aHLS$cHLS
110 2 $aCatholic Church.
245 10$aOrdo Divini Officii recitandi sacrique peragendi faciendi, intra diœcesim Lingonensem, juxta rubricas Breviarii ac Missalis sanctæ Romanæ Ecclesiæ, editus pro anno 1882.
260   $a[Lingon.],$bapud Crapelet,$c1882.
300   $c16mo
710 2 $aCatholic Church.$kLiturgy.$tDirectory.$gLangres.
988   $a20020608
906   $0MH

