LEADER 00584nam a2200169K  4500
001 003000174-9
005 20020606093309.7
008 930424s1885    fr            000 0 lat d
035 0 $aocm78399955
040   $aHLS$cHLS
110 2 $aCatholic Church.
245 10$aOrdo Divini Officii recitandi et Missas celebrandi Romano ritu ad usum insignis ecclesiæ metropolitanæ Remensis editus pro Anno Domini 1885.
260   $aRemis,$bapud Typographos Exc. et R.R.D.D.archiepiscopi.$c1885.
300   $c12mo
710 2 $aCatholic Church.$kLiturgy.$tDirectory.$gReims.
988   $a20020608
906   $0MH

