LEADER 00519nam a2200181K  4500
001 003000176-5
005 20020606093309.7
008 930424s1866    fr      r     000 0 fre d
035 0 $aocm82616881
040   $aHHG$cHHG
110 2 $aCatholic Church.
245 10$aHeures di maistre Estienne Chevalier.$cTexte restitué par m. l'abbé Delaunay.
260   $aParis,$bL. Curmer,$c1866.
300   $c4to
700 1 $aChevalier, Etienne,$d1410-1474.
710 2 $aCatholic Church.$kLiturgy.$tHours.
988   $a20020608
906   $0MH

