LEADER 00597nam a2200169K  4500
001 003000177-3
005 20020606093309.7
008 930424s1882    fr            000 0 lat d
035 0 $aocm84310335
040   $aHLS$cHLS
110 2 $aCatholic Church.
245 10$aOrdo Divini Officii recitandi sacrique peragendi, juxta ritum ac normama Breviarii ac Missalis sanctæ Romanæ Ecclesiæ ad usum archidiœcesis Avenonensis pro Anno Domini 1882.
260   $aAvenione,$btypis Aubanel fratr.$c1882.
300   $c12mo
710 2 $aCatholic Church.$kLiturgy.$tDirectory.$gAvignon.
988   $a20020608
906   $0MH

