LEADER 00664nam a2200169K  4500
001 003000178-1
005 20020606093309.7
008 930424s1885    fr            000 0 lat d
035 0 $aocm82854736
040   $aHLS$cHLS
110 2 $aCatholic Church.
245 10$aOrdo Divini Officii recitandi Missæque celebrandæ,$bad usum ecclesiæ metropolitanæ totiusque archidiœcesis Burdigalensis, juxtà ritum Breviarii et Missalis Romani, ac Proprii Burdigalensis, pro anno æræ vulgaris communi 1885 editus.
260   $aBurdigalæ,$bex typis Duverdier.$c[1885].
300   $c12mo
710 2 $aCatholic Church.$kLiturgy.$tDirectory.$gBordeaux.
988   $a20020608
906   $0MH

