LEADER 00594nam a2200169K  4500
001 003000179-X
005 20020606093309.7
008 930424s1882    xx            000 0 lat d
035 0 $aocm83938371
040   $aHLS$cHLS
110 2 $aCatholic Church.
245 10$aOrdo Divini Officii recitandi sacrique peragendi juxta ritum ac normam Breviarii et Missalis sanctæ Romanæ Ecclesiæ ad usum cleri diœcesis Sancti Claudii pro Anno Domini 1882.
260   $aLædoni,$bapud J. Mayet,$c1882.
300   $c12mo
710 2 $aCatholic Church.$kLiturgy.$tDirectory.$gSt. Cloud.
988   $a20020608
906   $0MH

