LEADER 00671nam a2200169K  4500
001 003000180-3
005 20020606093309.7
008 930424s1893    xx            000 0 lat d
035 0 $aocm81396404
040   $aHLS$cHLS
110 2 $aCatholic Church.
245 10$aOrdo Divini Officii recitandi Missæque celebrandæ,$bad usum ecclesiæ metropolitanæ totiusque archidiœcesis Burdigalensis, juxtà ritum Breviarii et Missalis Romani, ac Proprii Burdigalensis, pro anno æræ vulgaris communi 1893 editus.
260   $c1893.
501   $aBound together with the Ordo Parisiensis, 1890.
710 2 $aCatholic Church.$kLiturgy.$tDirectory.$gBordeaux.
988   $a20020608
906   $0MH

