LEADER 00584nam a2200169K  4500
001 003000181-1
005 20020606093309.7
008 930424s1893    gw            000 0 lat d
035 0 $aocm81881412
040   $aHLS$cHLS
110 2 $aCatholic Church.
245 10$aSupplementum Breviarii ad usum provinciarum Quebecen., Marianopolitan. et Ottavien., in regione Canadensi.
260   $aRatisbonae, etc., Friderici Pustet,$c1893.
300   $a4 pts. (with covering title-page).$c12mo
710 2 $aCatholic Church.$kLiturgy.$tBreviary.$gQuebec, Montreal, & Ottawa.
988   $a20020608
906   $0MH

