LEADER 00648nam a2200181K  4500
001 003000182-X
005 20020606093309.7
008 930424s1885    fr            000 0 lat d
035 0 $aocm81467982
040   $aHLS$cHLS
110 2 $aCatholic Church.
245 10$aOrdo Divini Officii recitandi sacrique peragendi juxta Breviarii ac Missalis, S.R. Ecclesiæ rubricas dispositus, ad usum ecclesiæ Augustodunensis, pro anno 1886.
260   $aAugustoduni,$bapud Dejussieu.$c1885.
300   $c12mo
501   $a1885 bound together with the Ordo Aquensis for 1882.
710 2 $aCatholic Church.$kLiturgy.$tDirectory.$gAutun.
988   $a20020608
906   $0MH

