LEADER 00620nam a2200181K  4500
001 003000183-8
005 20020606093309.7
008 930424s1881    xx            000 0 lat d
035 0 $aocm79740639
040   $aHLS$cHLS
110 2 $aCatholic Church.
245 10$aOrdo Divini Officii recitandi sacrique peragendi juxta ritum sanctæ Romanæ Ecclesiæ ad usum diœcesis Mimatensis pro Anno Domini 1882.
260   $aMimati,$bapud C. Privat,$c1881.
300   $c12mo
501   $a1881 bound together with the Ordo Bellicensis for 1881.
710 2 $aCatholic Church.$kLiturgy.$tDirectory.$gMende.
988   $a20020608
906   $0MH

