LEADER 00594nam a2200169K  4500
001 003000184-6
005 20020606093309.7
008 930424s1885    xx            000 0 lat d
035 0 $aocm81628564
040   $aHLS$cHLS
110 2 $aCatholic Church.
245 10$aOrdo Divini Officii sacrique peragendi ad præscriptum rubricarum et peculiarium concessionum S.R.C. in dioecesi Hierosolymitana servandus pro A.D. 1885.
260   $aHierosolymis,$bex typographia PP. Franciscanorum.,$c1885.
300   $c16mo
710 2 $aCatholic Church.$kLiturgy.$tDirectory.$gJerusalem.
988   $a20020608
906   $0MH

