LEADER 00584nam a2200169K  4500
001 003000185-4
005 20020606093309.7
008 930424s1893    xx            000 0 lat d
035 0 $aocn234325671
040   $aHLS$cHLS
110 2 $aCatholic Church.
245 10$aSupplementum continens Officia propria Trium Ordinum S.P.N. Francisci,$bin usum Fratrum Minorum Recollectorum provinciae Sancti Joseph Belgii.
260   $aMechliniae,$bH. Dessain,$c1893.
300   $app. 215, (1).$c12mo
710 2 $aCatholic Church.$kLiturgy.$tGradual.$sFranciscan, Recollects.
988   $a20020608
906   $0MH

