LEADER 00646nam a2200181K  4500
001 003000186-2
005 20020606093309.7
008 930424s1890    fr            000 0 lat d
035 0 $aocm80822557
040   $aHLS$cHLS
110 2 $aCatholic Church.
245 10$aOrdo Divini Officii recitandi sacrique peragendi juxta Breviarii ac Missalis, S.R. Ecclesiæ rubricas dispositus, ad usum ecclesiæ Augustodunensis, pro anno 1890.
260   $aAugustoduni,$bapud Dejussieu.$c1890.
300   $c12mo
501   $aBound together with the Ordo Carnutensis for 1889.
710 2 $aCatholic Church.$kLiturgy.$tDirectory.$gAutun.
988   $a20020608
906   $0MH

