LEADER 00547nam a2200169K  4500
001 003000187-0
005 20020606093309.7
008 930424s1885    xx            000 0 lat d
035 0 $aocm84570119
040   $aHLS$cHLS
110 2 $aCatholic Church.
245 10$aProprium Missarum dioecesis Engolismensis.
260   $aTornaci Nerviorum,$bsumptibus et typis Societatis S. Joannis Evangelistae, Desclée, Lefebvre et Soc.,$c1885.
300   $app. (6), 36.$cfol.
710 2 $aCatholic Church.$kLiturgy.$tMissal.$gAngoulême.
988   $a20020608
906   $0MH

