LEADER 00547nam a2200169K  4500
001 003000188-9
005 20020606093309.7
008 930424s1893    xx            000 0 lat d
035 0 $aocm78427363
040   $aHLS$cHLS
110 2 $aCatholic Church.
245 10$aSupplementum Missalis ad usum Quebecensis, Marianopolitanensis, et Ottaviensis, in Regione Canadensi.
260   $a[Mechliniæ,$bH. Dessain,$c1893.]
300   $app. 23, (1).$c12mo
710 2 $aCatholic Church.$kLiturgy.$tMissal.$gQuébec, Montréal & Ottawa.
988   $a20020608
906   $0MH

