LEADER 00613nam a2200169K  4500
001 003000189-7
005 20020606093309.7
008 930424m18921905fr            000 0 lat d
035 0 $aocm81556238
040   $aHLS$cHLS
110 2 $aCatholic Church.
245 10$aOrdo Divini Officii recitandi sacrique peragendi juxta Breviarii ac Missalis, S.R. Ecclesiæ rubricas dispositus, ad usum ecclesiæ Augustodunensis, pro anno 1892, 1895, 1899-1905.
260   $aAugustoduni,$bapud Dejussieu.$c1892, 1895, 1899-1905.
300   $c12mo
710 2 $aCatholic Church.$kLiturgy.$tDirectory.$gAutun.
988   $a20020608
906   $0MH

