LEADER 00470nam a2200169K  4500
001 003000190-0
005 20020606093309.7
008 930424s1885    be            000 0 lat d
035 0 $aocm82737605
040   $aHLS$cHLS
110 2 $aCatholic Church.
245 10$aProprium Missarum in usum diœcesium Angliæ.
260   $a[Mechliniæ,$bH. Dessain,$c1885.]
300   $app. 14, (2).$c4to
710 2 $aCatholic Church.$kLiturgy.$tMissal.$gEngland.
988   $a20020608
906   $0MH

