LEADER 01460cam a2200337Ia 4500
001 003000191-9
005 20020606093309.7
008 721213s1915    nyu           000 1 eng  
010   $a   15026506 
035 0 $aocm00513473
040   $aDLC$ebdrb$cOUN$dOCL$dm.c.$dSER$dOSU$dHHG
050 0 $aPZ3.D298$bSom
100 1 $aDavis, Richard Harding,$d1864-1916.
245 10$aSomewhere in France /$cby Richard Harding Davis.
260   $aNew York :$bCharles Scribner's Sons,$c1915.
300   $a[10], 224, [6] p. (first p. and last 2 p. blank), [1] leaf of colored plates :$bill. ;$c20 cm.
500   $aVerso of t.p.: Published August, 1915.
500   $aVerso of t.p.: printer's device of the Scribner Press.
500   $aFrontispiece by Henry Raleigh.
500   $aAdvertisement on p. [2] of preliminary p. and on p. [1]-[4] at end.
505 0 $a"Somewhere in France" -- Playing dead -- The card-sharp -- Billy and the big stick -- The boy scout -- The frame-up.
510 4 $aBAL$c4570
510 4 $aQuinby, H.C. Davis$c46
700 1 $aRaleigh, Henry,$d1880- ,$eill.
700 1 $aEdwards, George Wharton,$d1859-1950.$4bdd
710 2 $aCharles Scribner's Sons.$4pbl
710 2 $aScribner Press.$4prt
700 1 $aRaleigh, Henry,$d1880-1945,$eillustrator.
776 08$iOnline version:$aDavis, Richard Harding, 1864-1916.$tSomewhere in France.$dNew York : Charles Scribner's Sons, 1915$w(OCoLC)612422048
988   $a20020608
906   $0DLC

