LEADER 00496nam a2200169K  4500
001 003000192-7
005 20020606093309.7
008 930424s1893    xx            000 0 lat d
035 0 $aocm81747082
040   $aHLS$cHLS
110 2 $aCatholic Church.
245 10$aSupplementum Monasticum pro Congregat. Anglo-Benedictina.
260   $a[Mechliniæ,$bH. Dessain,$c1893.]
300   $app. 25, (1).$c12mo
710 2 $aCatholic Church.$kLiturgy.$tMissal.$sBenedictine, England.
988   $a20020608
906   $0MH

