LEADER 00535nam a2200169K  4500
001 003000193-5
005 20020606093309.7
008 930424s1882    it            000 0 lat d
035 0 $aocm78836208
040   $aHLS$cHLS
110 2 $aCatholic Church.
245 10$aOrdo Horas canonicas persolvendi sacrumque peragendi ab alumnis utriusque sexus S. Ordinis Servorum B.M.V. pro A.D. 1882.
260   $aRomæ,$btypis Salviucci.$c[1882].
300   $c8vo
710 2 $aCatholic Church.$kLiturgy.$tDirectory.$sServite.
988   $a20020608
906   $0MH

