LEADER 00926cam a2200229I  4500
001 003000194-3
005 20020606093309.7
008 721213s1939    mdua          000 0 eng u
010   $a   39031316 
035 0 $aocm00513579
040   $cKSU$dOCL$dHLS
050 0 $aDC146.L2$bG58
100 1 $aGottschalk, Louis Reichenthal,$d1899-1975.
245 10$aLady-in-waiting;$bthe romance of Lafayette and Aglaé de Hunolstein,$cby Louis Gottschalk.
260   $aBaltimore,$bThe Johns Hopkins press,$c1939.
300   $a137 p.$billus.$c21 cm.
500   $aAt head of title: Institut français de Washington.
600 10$aLafayette, Marie Joseph Paul Yves Roch Gilbert Du Motier,$cmarquis de,$d1757-1834.
600 10$aHunolstein, Charlotte Gabrielle Elisabeth Aglaé (de Puget de Barbantane)$ccomtesse de,$dapproximately 1755- approximately 1795.
710 2 $aInstitut français de Washington (D.C.)
988   $a20020608
906   $0MH

