LEADER 00517nam a2200169K  4500
001 003000195-1
005 20020606093309.7
008 930424s1893    be            000 0 lat d
035 0 $aocm82564684
040   $aHLS$cHLS
110 2 $aCatholic Church.
245 10$aSupplementum pro diœcesibus Cathalauniæ.
260   $aTornaci Nerviorum,$btypis Soc. S. Joannis Evangel., Desclée, Lefebvre & Soc.,$c1893.
300   $a4 pts.$c12mo
710 2 $aCatholic Church.$kLiturgy.$tBreviary.$gChâlons.
988   $a20020608
906   $0MH

