LEADER 00520nam a2200169K  4500
001 003000196-X
005 20020606093309.7
008 930424s1894    be            000 0 lat d
035 0 $aocm83358707
040   $aHLS$cHLS
110 2 $aCatholic Church.
245 10$aAppendix ad Proprium Monasteriense.
260   $a[Tornaci (Belg.),$bTypis Societatis S. Joannis Evangelistæ, Desclée, Lefebvre et Soc.,$c1894.]
300   $app. (2).$cfol.
710 2 $aCatholic Church.$kLiturgy.$tMissal.$gMunster.
988   $a20020608
906   $0MH

