LEADER 00542nam a2200169K  4500
001 003000197-8
005 20020606093309.7
008 930424s1894    xx            000 0 lat d
035 0 $aocm78303743
040   $aHLS$cHLS
110 2 $aCatholic Church.
245 10$aAppendix seu Supplementum ad Breviarium Fratrum Minorum S. Francisci Capuccinorum nova Officia complectens.
260   $a[Mechliniæ?,$bH. Dessain?,$c1894?]
300   $app. iv, 73, (1).$c12mo
710 2 $aCatholic Church.$kLiturgy.$tBreviary.$sCapuchin.
988   $a20020608
906   $0MH

