LEADER 00504nam a2200181K  4500
001 003000198-6
005 20020606093309.7
008 930424s1889    xx            000 0 lat d
035 0 $aocm79142687
040   $aHLS$cHLS
110 2 $aCatholic Church.
245 10$aVariae preces de mysteriis et festis ex liturgia sumptae aut usu receptae.
250   $a2. ed.
260   $aSolesmis,$bE Typographeo Sancti Petri,$c1889.
300   $a150 p.
710 2 $aCatholic Church.$kLiturgy.
988   $a20020608
906   $0MH

