LEADER 00490nam a2200169K  4500
001 003000199-4
005 20020606093309.7
008 930424q18901899gw            000 0 und d
035 0 $aocm80170993
040   $aHLS$cHLS
110 2 $aCatholic Church.
245 10$aDie 8. Maji. Festo in honorem SS. Trinitatis ob conversionem Gothorum.
260   $a[Ratisbonæ,$bFr. Pustet,$c189-.]
300   $app. 12.$c4to
710 2 $aCatholic Church.$kLiturgy.$tBreviary.$gSpain.
988   $a20020608
906   $0MH

