LEADER 00606nam a2200169K  4500
001 003000200-1
005 20020606093309.7
008 930424s1894    xx            000 0 lat d
035 0 $aocm80602472
040   $aHLS$cHLS
110 2 $aCatholic Church.
245 10$aBreviarium romanum ex decreto SS. Concilii Tridentini restitum S. Pii V. Pontificis Maximi jussu editum Clementis VIII. Urbani VIII. et Leonis XIII. auctoritate recognitum editio novissima juxta typicam.
260   $aMechliniae,$bH. Dessain,$c1894.
300   $a4 pt.
710 2 $aCatholic Church.$kLiturgy.$tBreviary.
988   $a20020608
906   $0MH

