LEADER 00483nam a2200169K  4500
001 003000201-X
005 20020606093309.7
008 930424q18901899be            000 0 lat d
035 0 $aocm79778778
040   $aHLS$cHLS
110 2 $aCatholic Church.
245 10$aQuædam Breviarii Romano-Seraphici Lectiones reformatæ.
260   $a[Mechliniæ,$bH. Dessain,$c189-?]
300   $app. 35+.$c12mo
710 2 $aCatholic Church.$kLiturgy.$tBreviary.$sFranciscan.
988   $a20020608
906   $0MH

