LEADER 01093cam a2200265I  4500
001 003000202-8
005 20020606093309.7
008 721213s1963    dcuae    b    000 0 eng  
010   $a   63015804 
035 0 $aocm00513976
040   $aDLC$cWSU$dSER$dm.c.$dm/c$dFLL
050 0 $aNA6602.M3$bF7
100 1 $aFrame, James Sutherland,$d1907-
245 10$aBuildings and facilities for the mathematical sciences$c[by] J. Sutherland Frame with John W. McLeod.
260   $aWashington,$bConference Board of the Mathematical Sciences,$c1963.
300   $a170 p.$billus., diagrs., plans.$c28 cm.
500   $a"An Educational Facilities Laboratories report."
504   $aBibliography: p. 159-161.
650  0$aCollege buildings.
650  0$aHigh schools.
650  0$aMathematics$xStudy and teaching.
710 2 $aEducational Facilities Laboratories.
776 08$iOnline version:$aFrame, James Sutherland, 1907-$tBuildings and facilities for the mathematical sciences.$dWashington, Conference Board of the Mathematical Sciences, 1963$w(OCoLC)566239126
988   $a20020608
906   $0DLC

