LEADER 00490nam a2200169K  4500
001 003000203-6
005 20020606093309.7
008 930424q18901899be            000 0 lat d
035 0 $aocm78810479
040   $aHLS$cHLS
110 2 $aCatholic Church.
245 10$aDie vi. Martii. In festo S.M.N. Coletæ virg.
260   $a[Mechliniæ?,$bH. Dessain?,$c189-?].
300   $app. 7+.$c12mo
710 2 $aCatholic Church.$kLiturgy.$tBreviary.$bFranciscan, O. of S. Clare.
988   $a20020608
906   $0MH

