LEADER 00530nam a2200181K  4500
001 003000204-4
005 20020606093309.7
008 930424m18941923it      r     000 0 lat d
035 0 $aocm81856903
040   $aHLS$cHLS
110 2 $aCatholic Church.$bCongregatio Rituum.
245 13$a[A collection of processes of beatification and canonization.]
260   $aRomae,$btypis Guerra et Mirri, etc.,$c1894-1923.
300   $a20 vol. [in 19.]
690  9$aCanonization.$5wid
690  9$aCanonization.$5mmf
988   $a20020608
906   $0MH

