LEADER 00503nam a2200169K  4500
001 003000205-2
005 20020606093309.7
008 930424q18901899be            000 0 lat d
035 0 $aocm81317945
040   $aHLS$cHLS
110 2 $aCatholic Church.
245 10$aDie xiii. Martii. In die Octava S. Coletæ, virg. II. Ord.
260   $a[Mechliniæ?,$bH. Dessain?,$c189-?].
300   $app. 3+.$c12mo
710 2 $aCatholic Church.$kLiturgy.$tBreviary.$sFranciscan, O. of S. Clare.
988   $a20020608
906   $0MH

