LEADER 00554nam a2200157K  4500
001 003000206-0
005 20020606093309.7
008 930424q18901899enk           000 0 eng d
035 0 $aocm16951969
040   $aHLS$cHLS
110 2 $aCatholic Church.
245 14$aThe offices of Holy Week,$bfrom the Roman breviary and missal, with the Psalms pointed for recitation or chanting, and the ordinary and Canon of the Mass, and an explanation of the ceremonies.
250   $aA new and rev. ed.
260   $aLondon,$bBurns & Oates$c[189-?]
988   $a20020608
906   $0MH

