LEADER 00538nam a2200169K  4500
001 003000207-9
005 20020606093309.7
008 930424s1897    be            000 0 lat d
035 0 $aocm81171380
040   $aHLS$cHLS
110 2 $aCatholic Church.
245 10$aSupplementum ad Breviarium monasticum pro Italia et insulis adjacentibus.
260   $a[Tornaci,$btyp. Soc. S. Joannis, Desclée, Lefebvre et Soc.,$c1897.]
300   $a4 pts.$c8vo
710 2 $aCatholic Church.$kLiturgy$tBreviary$gBenedictine, Italy.
988   $a20020608
906   $0MH

