LEADER 00545nam a2200169K  4500
001 003000208-7
005 20020606093309.7
008 930424s1897    gw            000 0 lat d
035 0 $aocm79006740
040   $aHLS$cHLS
110 2 $aCatholic Church.
245 10$aSupplementum ad Officia propria Sanctorum Mexicanorum et archid. Antequerensis pro clero diœc. Tehuantepecensis.
260   $a[Ratisbonæ,$bFr. Pustet,$c1897.]
300   $a4 pts.$c12mo
710 2 $aCatholic Church.$kLiturgy$tBreviary$gTehuantepec, Mexico.
988   $a20020608
906   $0MH

