LEADER 00514nam a2200169K  4500
001 003000209-5
005 20020606093309.7
008 930424s1894    gw            000 0 lat d
035 0 $aocm82736921
040   $aHLS$cHLS
110 2 $aCatholic Church.
245 10$aDie 12.Decembris. Beatæ Mariæ Virginis de Guadalupe patronæ primariæ Nationis Mexicanæ.
260   $a[Ratisbonæ,$bFr. Pustet,$c1894.]
300   $app. 10.$c12mo
710 2 $aCatholic Church.$kLiturgy.$tBreviary.$gMexico.
988   $a20020608
906   $0MH

