LEADER 00485nam a2200169K  4500
001 003000210-9
005 20020606093309.7
008 930424s1897    be            000 0 lat d
035 0 $aocm78495632
040   $aHLS$cHLS
110 2 $aCatholic Church.
245 10$aSupplementum pro Italia.
260   $a[Tornaci,$btypis Soc. S. Joannis Evang., Desclée, Lefebvre et Soc.,$c1897.]
300   $a2 pts.$c16mo
710 2 $aCatholic Church.$kLiturgy$tBreviary$gItaly.
988   $a20020608
906   $0MH

