LEADER 01283aam a2200325 a 4500
001 003000211-7
005 20020606093309.7
008 930409s1992    fr       b    001 0 fre  
010   $a   93138235 
020   $a2700734807 :$c180F
035 0 $aocm28798685
040   $aDLC$cDLC
041 1 $afre$hlat
043   $ae------$aff-----$aaw-----
050 00$aPA6659$b.A4 1992
082 00$a875/.01$220
100 1 $aSeneca, Lucius Annaeus,$dapproximately 55 B.C.-approximately 39 A.D.
240 10$aOratorum et rhetorum sententiae, divisiones, colores.$lFrench
245 10$aSentences, divisions et couleurs des orateurs et des rhéteurs :$bcontroverses et suasoires /$cSénèque, le père ; traduction du latin par Henri Bornecque ; revue par Jacques-Henry Bornecque ; préface de Pascal Quignard.
260   $aParis :$bAubier,$cc1992.
300   $a556 p. ;$c22 cm.
490 1 $aBibliothèque philosophique
504   $aIncludes bibliographical references (p. [483]-534) and index.
650  0$aSpeeches, addresses, etc., Latin$xHistory and criticism.
650  0$aSpeeches, addresses, etc., Latin.
650  0$aRhetoric, Ancient.
650  0$aOratory, Ancient.
830  0$aBibliothèque philosophique (Aubier Montaigne (Firm))
988   $a20020608
906   $0DLC

