LEADER 00516nam a2200169K  4500
001 003000212-5
005 20020606093309.7
008 930424s1897    xx            000 0 lat d
035 0 $aocm83358644
040   $aHLS$cHLS
110 2 $aCatholic Church.
245 10$aTabella festorum titularium ecclesiæ cathedralis ecclesiarum parochialium et missionum diœcesis Sherbrookiensis.
260   $a[n.p.,$bn.pr.$c1897].
300   $c8vo
710 2 $aCatholic Church$kLiturgy$tDirectory$gSherbrooke.
988   $a20020608
906   $0MH

