LEADER 00509nam a2200169K  4500
001 003000213-3
005 20020606093309.7
008 930424s1894    gw            000 0 lat d
035 0 $aocm84414928
040   $aHLS$cHLS
110 2 $aCatholic Church.
245 10$aDie 16.Decembris.$cIn festo coronationis B.M.V. del Valle Catamarcensis.
260   $a[Ratisbonæ,$bex officina Fr. Pustet,$c1894.]
300   $app. (2).$cfol.
710 2 $aCatholic Church.$kLiturgy.$tMissal.$gMontevideo.
988   $a20020608
906   $0MH

