LEADER 00578nam a2200169K  4500
001 003000214-1
005 20020606093309.7
008 930424s1894    be            000 0 lat d
035 0 $aocm83814001
040   $aHLS$cHLS
110 2 $aCatholic Church.
245 10$aDie xiv.Februarii. (Dies fixa in archidioecesi Coloniensi.) S. Rhabani Mauri, episc. et conf.
260   $a[Tornaci (Belg.),$bTypis Societatis S. Joannis Evangelistae, Desclée, Lefebvre et Soc.,$c1894.]
300   $app. (2).$cfol.
710 2 $aCatholic Church.$kLiturgy.$tMissal.$gCologne.
988   $a20020608
906   $0MH

