LEADER 00775nam a2200193K  4500
001 003000215-X
005 20020606093309.7
008 930424s1897    pe            000 0 cat d
035 0 $aocn236063422
040   $aHLS$cHLS
110 2 $aCatholic Church.$bPope (1670-1676 : Clement X)
245 10$aVida auténtica de Santa Rosa de Lima,$bpatrona de América, Filipinas é Indias, segun la bula de canonización expedida por Su Santidad el papa Clemente X el 12 de abril de 1671.$cTraducida del latin al castellano por Juan Felix Proaño.
260   $aLima,$bimp. de El Bien Social,$c1897.
300   $app. 64.$bport.
600 00$aRose,$cof Lima, Saint,$d1586-1617.
650  0$aPapacy$tDoc. 1670-1676.
700 1 $aProaño, Juan Felix,$etranslator.
988   $a20020608
906   $0MH

