LEADER 00478nam a2200169K  4500
001 003000216-8
005 20020606093309.7
008 930424s1894    be            000 0 lat d
035 0 $aocm80163621
040   $aHLS$cHLS
110 2 $aCatholic Church.
245 10$aDie 14 Febr. S. Rhabani Mauri.
260   $a[Tornaci (Belg.),$bTypis Societatis S. Joannis Evangel.,$c1894.]
300   $app. 3, (1).$c16mo
710 2 $aCatholic Church.$kLiturgy.$tBreviary.
988   $a20020608
906   $0MH

