LEADER 00473nam a2200169K  4500
001 003000217-6
005 20020606093309.7
008 930424s1894    gw            000 0 lat d
035 0 $aocm80080250
040   $aHLS$cHLS
110 2 $aCatholic Church.
245 10$aDie 31.Januarii. Beati Francisci Xaverii M. Bianchi.
260   $a[Ratisbonæ,$bFr. Pustet,$c1894.]
300   $app. 4.$c12mo
710 2 $aCatholic Church.$kLiturgy.$tBreviary.$gNaples.
988   $a20020608
906   $0MH

