LEADER 00618nam a2200169K  4500
001 003000218-4
005 20020606093309.7
008 930424s1897    xx            000 0 lat d
035 0 $aocm81406623
040   $aHLS$cHLS
110 2 $aCatholic Church.
245 10$aOrdo Divini Officii recitandi sacrique faciendi juxta rubricas Breviarii ac Missalis S. Romanæ Ecclesiæ ad usum Congregationis S. Spiritus et Imm. Cordis B.M.V.$bAnno Domini 1897.
260   $aBarri-Ducis,$bex typis Consociationis Sancti-Pauli,$c1897.
300   $c12mo
710 2 $aCatholic Church$kLiturgy$tDirectory$sCordite.
988   $a20020608
906   $0MH

