LEADER 00673nam a2200169K  4500
001 003000219-2
005 20020606093309.7
008 930424m18971900fr            000 0 lat d
035 0 $aocm79273692
040   $aHLS$cHLS
110 2 $aCatholic Church.
245 10$aOrdo Divini Officii recitandi sacrique peragendi juxta ritum Missalis et Breviarii Romani pro clero Romano et pro his omnibus qui sacras laudes tum Romæ tum extra ex apostolica concessione juxta Kalendarium cleri Romani persolvunt pro anno 1897, [1900].
260   $aParisiis,$bapud Carolum Poussielgue.$c1897, 1900.
300   $c16mo
710 2 $aCatholic Church$kLiturgy$tDirectory.
988   $a20020608
906   $0MH

