LEADER 00806nam a2200217K  4500
001 003000220-6
005 20070618203637.0
008 930424s1897    it            000 0 lat d
035 0 $aocn234325675
040   $aHLS$cHLS
100 0 $aAmbrose,$cSaint, Bishop of Milan,$d-397.
110 2 $aCatholic Church.
245 10$aPontificale in usum ecclesiae mediolanensis necnon ordines ambrosiani ex codicibus saecc. ix-xv.;$ccollegit, edidit, et notis illustravit Marcus Magistretti. Praefatus est A.M. Ceriani.
260   $aMediolani,$c1897.
300   $bFacsimile plate.$cl.8vo
440  0$aMonumenta veteris liturgiae ambrosianae,$v1
700 1 $aMagistretti, Marco,$eeditor.
710 0 $aMilan, Italy, Diocese of.
710 2 $aCatholic Church.$kLiturgy.$tPontifical$gMilan.
988   $a20020608
906   $0MH

