LEADER 00523nam a2200169K  4500
001 003000221-4
005 20020606093309.7
008 930424s1897    be            000 0 lat d
035 0 $aocm83881770
040   $aHLS$cHLS
110 2 $aCatholic Church.
245 10$aProprium Missarum pro diœcesi Netina.
260   $a[Tornaci (Belg.),$bTypis Societatis S. Joannis Evangelistæ, Desclée, Lefebvre et Soc.,$c1897.]
300   $app. 28, (2).$cfol.
710 2 $aCatholic Church$kLiturgy$tMissal$gAndria.
988   $a20020608
906   $0MH

