LEADER 00538nam a2200169K  4500
001 003000222-2
005 20020606093309.7
008 930424q18901899fr            000 0 fre d
035 0 $aocm84471658
040   $aHLS$cHLS
110 2 $aCatholic Church.
245 13$aLe Rosier céleste dédié a N.-D. des Lumières, ou Recueil de petits offices en l'honneur de la très-sainte Vierge.
260   $aAvignon,$bAubanel frères,$c[189-?].
300   $c32mo
710 2 $aCatholic Church.$kLiturgy.$tC.O., Paroissiens, &c.
988   $a20020608
906   $0MH

