LEADER 00526nam a2200169K  4500
001 003000223-0
005 20020606093309.7
008 930424s1890    fr            000 0 fre d
035 0 $aocn236063425
040   $aHLS$cHLS
110 2 $aCatholic Church.$bPope (1878-1903 : Leo XIII)
245 10$aEncyclique de sa sainteté Léon XIII.$bPrincipaux devoirs des chrétiens.
260   $aParis,$bUnion Active des Catholiques,$c[1890?]
300   $app. 44.
650  0$aPapacy$tDoc. 1878-1903 (Leo XIII, Pope)
988   $a20020608
906   $0MH

