LEADER 00528nam a2200169K  4500
001 003000224-9
005 20020606093309.7
008 930424s1890    gw            000 0 lat d
035 0 $aocm82853708
040   $aHLS$cHLS
110 2 $aCatholic Church.
245 10$aAdditamentum ad Missas proprias in diœcesi Neapolitana.$b(Ex decr. S.R.C. sub die 6. Mart. 1879.)
260   $a[Ratisbonæ,$bex officina Fr. Pustet,$c1890.]
300   $app. 2.$c8vo
710 2 $aCatholic Church.$kLiturgy.$tMissal.$gNaples.
988   $a20020608
906   $0MH

