LEADER 00472nam a2200169K  4500
001 003000225-7
005 20020606093309.7
008 930424s1890    gw            000 0 lat d
035 0 $aocm80959761
040   $aHLS$cHLS
110 2 $aCatholic Church.
245 10$aAppendix ad Proprium Hispaniarum pro diœcesi Tudensi.
260   $a[Ratisbonæ,$bFr. Pustet,$c1890.]
300   $a2 pts.$c12mo
710 2 $aCatholic Church.$kLiturgy.$tBreviary.$gTuy.
988   $a20020608
906   $0MH

