LEADER 00487nam a2200169K  4500
001 003000226-5
005 20020606093309.7
008 930424s1890    be            000 0 lat d
035 0 $aocm82564688
040   $aHLS$cHLS
110 2 $aCatholic Church.
245 10$aAppendix ad usum Fratrum Minorum S. Francisci Capuccinorum.
260   $a[Mechliniæ,$bH. Dessain,$c1890.]
300   $app. 121, (1).$c12mo
710 2 $aCatholic Church.$kLiturgy.$tMissal.$sCapuchin.
988   $a20020608
906   $0MH

