LEADER 00567nam a2200169K  4500
001 003000227-3
005 20020606093309.7
008 930424s1890    it            000 0 lat d
035 0 $aocm80219494
040   $aHLS$cHLS
110 2 $aCatholic Church.
245 10$aCongregationis S. Spiritus et Imm. Cordis Mariæ.$bDie xi. Maii. B. Ludovici Mariæ Grignan de Montfort confessoris.
260   $a[Venetiis,$bImp. de St Michel,$c1890.]
300   $app. 4.$c12mo
710 2 $aCatholic Church.$kLiturgy.$tBreviary.$pHoly Ghost & Imm. Heart of Mary.
988   $a20020608
906   $0MH

