LEADER 00497nam a2200169K  4500
001 003000228-1
005 20050510154706.0
008 930424s1890    fr            000 0 lat d
035 0 $aocm84030768
040   $aHLS$cHLS
110 2 $aCatholic Church.
245 10$aDie xxviii. Aprilis. In festo B. Ludovici Mariæ Grignon de Montfort confessoris.
260   $a[Pictavii,$bOudin,$c1890.]
300   $app. 4.$c12mo
710 2 $aCatholic Church.$kLiturgy.$tBreviary.$fApril 28.
988   $a20020608
906   $0MH

