LEADER 01037nam a2200241K  4500
001 003000229-X
005 20020606093309.7
008 930424s1897    gw            000 0 ger d
035 0 $aocm69922065
035 0 $aocn236063429
040   $aHLS$cHLS
110 2 $aCatholic Church.$bPope (1431-1447 : Eugene IV)
245 10$aRepertorium germanicum.$bRegesten aus den päpstlichen archiven zur geschichte des Deutschen Reichs und seiner territorien im XIV. und XV. jahrhundert [...]$cHrsg. durch das K. Preussische historische institut in Rom. Pontificat Eugens IV. I. bd.
260   $aBerlin,$bA. Bath,$c1897.
300   $app. lxxix, [1], 677 [p.$c25 cm.]
500   $aNo more published.
500   $aUnter mitwirkung von Johannes Haller, Joseph Kaufmann und Jean Lulvès bearb. von Robert Arnold.
691  9$aGermany$xHistory$y1273-1517$xSources.$5wid
691  9$aGermany$xHistory$y840-1520$xSources.$5wid
700 1 $aArnold, Robert,$eed.
710 2 $aK. Preussisches historisches institut, Rome.
988   $a20020608
906   $0MH

