LEADER 00511nam a2200169K  4500
001 003000230-3
005 20020606093309.7
008 930424s1897    be            000 0 lat d
035 0 $aocm83142549
040   $aHLS$cHLS
110 2 $aCatholic Church.
245 10$aOfficia propria cathedrali et diœcesi Derthonensi.
260   $aTornaci,$bTypis Soc. S. Joannis Evang., Desclée, Lefebvre et Soc.,$c1897.
300   $a4 pts.$c16mo
710 2 $aCatholic Church$kLiturgy$tBreviary$gTortona.
988   $a20020608
906   $0MH

