LEADER 00557nam a2200169K  4500
001 003000231-1
005 20020606093309.7
008 930424s1897    it            000 0 lat d
035 0 $aocm79006741
040   $aHLS$cHLS
110 2 $aCatholic Church.
245 10$aOfficia propria Congregationis Missionariorum vulgo De la Salette.
260   $aRomae-Parisiis,$btyp. Soc. S. Joannis, Desclée, Lefebvre & Soc.,$c[Imprim. 1897]
300   $app. xvi, 399, (3).$c12mo
710 2 $aCatholic Church$kLiturgy$tBreviary$bMissions, Congr. of.
988   $a20020608
906   $0MH

