LEADER 01068nam a2200265K  4500
001 003000232-X
005 20020606093309.7
008 930424s1966    mau           000 0 eng d
035 0 $aocm78421003
040   $aFLL$cFLL
100 1 $aChakerian, Armen.
245 10$aConstruction of social indices for urban renewal planning.
260   $aCambridge, Mass.,$c1966.
300   $a130 p.$bmaps, charts, tables.$c30 cm.
500   $a"A thesis submitted to the faculty Graduate School of Design, Department of City and Regional Planning, in partial fulfillment of the requirements for the degree of Master of City Planning...May, 1966.
690  9$aSoc. cond$zUnited States. Bost.$5des
690  9$aUrban ren$zUnited States. Bost.$5des
690  9$aSurvey, Social.$5des
690  9$aData proc$xIn urban ren.$5des
690  9$aSurveys, Planning data.$5des
690  9$aUrban renewal$xSoc. cons.$5des
690  9$aUrban renewal$xTech. proc.$5des
710 2 $aHarvard University.$bDepartment of City and Regional Planning.$tTheses.
988   $a20020608
906   $0MH

