LEADER 01429pam a2200373 a 4500
001 003000233-8
005 20020606093309.7
008 930927s1994    nyua     b    001 0 eng  
010   $a   93036837 //r94
020   $a1563243962 (set : alk. paper)
020   $a156324232X (v. 1 : alk. paper)
020   $a1563242303 (v. 2 : alk. paper)
020   $a1563243970 (pbk. : set : alk. paper)
020   $a1563242311 (pbk. : v. 1 : alk. paper)
020   $a1563242338 (pbk. : v. 2 : alk. paper)
035 0 $aocm29029759
040   $aDLC$cDLC$dDLC
043   $an-us---
050 00$aHG181$b.D346 1994
082 00$a332/.0973$220
100 1 $aD'Arista, Jane W.
245 14$aThe evolution of U.S. finance /$cJane W. D'Arista.
260   $aArmonk, N.Y. :$bM.E. Sharpe,$cc1994.
300   $a2 v. :$bill. ;$c24 cm.
440  0$aColumbia University seminar series
504   $aIncludes bibliographical references and indexes.
505 0 $av. 1. Federal Reserve monetary policy, 1915-1935 -- v. 2. Restructuring institutions and markets.
610 20$aBoard of Governors of the Federal Reserve System (U.S.)
650  0$aFinance$zUnited States.
650  0$aMonetary policy$zUnited States.
650  0$aFinancial institutions$zUnited States.
776 08$iOnline version:$aD'Arista, Jane W.$tEvolution of U.S. finance.$dArmonk, N.Y. : M.E. Sharpe, ©1994$w(OCoLC)654685608
988   $a20020608
906   $0DLC

