LEADER 00514nam a2200169K  4500
001 003000234-6
005 20020606093309.7
008 930424s1897    be            000 0 lat d
035 0 $aocm84471662
040   $aHLS$cHLS
110 2 $aCatholic Church.
245 10$aOfficia propria in usum Presbyterorum Societatis Mariae.
260   $a[Tornaci,$bTypis Soc. S. Joannis Ev., Desclée, Lefebvre et Soc.,$c1897.]
300   $a4 pts.$c12mo
710 2 $aCatholic Church$kLiturgy$tBreviary$sMarist.
988   $a20020608
906   $0MH

