LEADER 00492nam a2200169K  4500
001 003000235-4
005 20050510154654.0
008 930424s1890    be            000 0 lat d
035 0 $aocm81314225
040   $aHLS$cHLS
110 2 $aCatholic Church.
245 10$aDie xxviii. Aprilis. In festo B. Petri Aloisii Mariæ Chanel, martyris.
260   $a[Mechliniæ,$bH. Dessain,$c1890.]
300   $app. 2.$c12mo
710 2 $aCatholic Church.$kLiturgy.$tBreviary.$sMarist.
988   $a20020608
906   $0MH

