LEADER 00512nam a2200169K  4500
001 003000236-2
005 20020606093309.7
008 930424s1897    be            000 0 lat d
035 0 $aocm84316697
040   $aHLS$cHLS
110 2 $aCatholic Church.
245 10$aOfficia propria pro metropolitana ecclesia Genuensi.
260   $a[Tornaci,$btypis Soc. S. Joannis Evang., Desclée, Lefebvre et Soc.,$c1897.]
300   $a4 pts.$c16mo
710 2 $aCatholic Church$kLiturgy$tBreviary$gGenoa.
988   $a20020608
906   $0MH

