LEADER 00566nam a2200169K  4500
001 003000237-0
005 20020606093309.7
008 930424s1890    be            000 0 lat d
035 0 $aocm84573268
040   $aHLS$cHLS
110 2 $aCatholic Church.
245 14$aDie i. Decembris. BB. Edmundi Campion, Soc. Jesu et soc. sacerdotum mart.$bDuplex. Pro dioecesi Portus Magni.
260   $a[Tornaci, (Belg.),$bTypis Societatis S. Joannis Evang.,$c1890.]
300   $app. (2).$c12mo
710 2 $aCatholic Church.$kLiturgy.$tBreviary.$gPortsmouth.
988   $a20020608
906   $0MH

