LEADER 00802nam a2200229K  4500
001 003000238-9
005 20020606093309.7
008 930424s1973    ru            000 0 rus d
035 0 $aocn188457637
040   $aFLL$cFLL
100 1 $aChalai︠a︡, Irina Petrovna.
245 10$a(Issledovanie prirodnykh usloviĭ dli︠a︡ arkhitekturno-planirovochnogo proektirovanii︠a︡)
260   $c1973.
300   $a153, [3] p.$billus., maps.$c21 cm.
690  9$aArchitecture and climate$zMoscow (Province).$5des
690  9$aClimate$zRussia. Moscow (Province).$5des
690  9$aArchitecture$zRussia. Moscow (Province).$5des
691  9$aMoscow (Province), Russia.$5des
700 1 $aKukotenko, Margarita Vladimirovna.
700 1 $aCherkasova, Li︠u︡dmila Matveevna.
988   $a20020608
906   $0MH

