LEADER 01245nam a2200241K  4500
001 003000239-7
005 20020606093309.7
008 930424s1972    nz            100 0 eng d
035 0 $aocm79909248
040   $aFLL$cFLL
100 1 $aChallenger, S.,$eed.
245 10$aPlaygrounds in the community;$ba report of the proceedings of a Seminar on the Provision, Design, and Utilisation of Playgrounds, held at Lincoln College, Canterbury, on November 19 and 20, 1971.
250   $aSponsored by: New Zealand Institute of Park and Recreation Administration.
260   $aCanterbury, N.Z.,$bLincoln College Press,$c1972.
300   $a99 p.$billus., diagrs., tables.
490 1 $aLincoln College (University of Canterbury). Dept. of Horticulture. Landscape Architecture Section. Study,$v8
690  9$aPlaygrounds$xCongresses, 1971.$5des
690  9$aPlaygrounds$zNew Zealand.$5des
710 2 $aNew Zealand Institute of Park and Recreation Administration.
711 2 $aSeminar on the Provision, Design, and Utilisation of Playgrounds :$d1971 :$cLincoln College (Canterbury, N.Z.))
810 20$aLincoln College (University of Canterbury).$bDepartment of Horticulture.$bLandscape Architecture Section.$tStudy,$v8.
988   $a20020608
906   $0MH

