LEADER 00554nam a2200193K  4500
001 003000240-0
005 20020606093309.7
008 930424s1941    nyu           000 0 eng d
035 0 $aocm45624037
040   $aFLL$cFLL
100 1 $aChalmers, Stephen H.
245 10$aLow-cost homes: planning, financing, building.
260   $a[N.Y.],$bHome Institute.$cc1941.
300   $a39 p.$bphotos, plans, sketch, cross-sections, table.
690  9$aHouses, Low-cst.$5des
690  9$aHome ownership.$5des
710 2 $aHome Institute.
988   $a20020608
906   $0MH

