LEADER 00611nam a2200193K  4500
001 003000241-9
005 20020606093309.7
008 930424s1963    xx            000 0 eng d
035 0 $aocm82789470
040   $aFLL$cFLL
100 1 $aChaloff, C. Joseph.
245 10$aTown Center, Hingham, Mass.
260   $bHarvard University. Dept. of Architecture.$c1963.
300   $a1 v. (unpaged)$bphotos, maps, diagrs., tables.
500   $aTerminal studio problem.
690  9$aCivic centers$xStu. probs.$5des
710 2 $aHarvard University.$bDepartment of Architecture.$tStudent problems.
988   $a20020608
906   $0MH

