LEADER 00465nam a2200169K  4500
001 003000242-7
005 20020606093309.7
008 930424s1926    fr            000 0 fre d
035 0 $aocm78221174
040   $aFLL$cFLL
100 1 $aChalumeau, C.
245 12$aL'urbanisme a Lyon en 1926.
260   $aLyon,$bSociété Anonyme de l'Imprimerie A. Rey,$c1926.
300   $a39 p.$bphotos.$c27 cm.
690  9$aCity planning$zFrance. Lyons.$5des
988   $a20020608
906   $0MH

