LEADER 00512nam a2200181K  4500
001 003000243-5
005 20020606093309.7
008 930424s1916    fr            000 0 fre d
035 0 $aocm83885953
040   $aFLL$cFLL
100 1 $aChalumeau, C.
245 13$aLa ville de Lyon a l'Exposition de la Cité Reconstituée.
260   $aLyon,$bNouvelle Lyonnaise.$c1916.
300   $a16 p.
690  9$aCity planning$zFrance. Lyons.$5des
690  9$aExpositions$zFrance. Lyons, 1916.$5des
988   $a20020608
906   $0MH

