LEADER 00578nam a2200193K  4500
001 003000244-3
005 20020606093309.7
008 930424r19151915xx            000 0 fre d
035 0 $aocm81396365
040   $aFLL$cFLL
100 1 $aChalumeau, M.
245 10$aNotice historique sur l'alimentation en eau de la Ville de Lyon.
260   $a1915.
300   $a8 p.$bdiagrs.
500   $aReprint from La Technique sanitaire et municipale, March-April, 1915.
690  9$aSanitation$zFrance. Lyon.$5des
690  9$aSewage treatment$zFrance. Lyon.$5des
988   $a20020608
906   $0MH

