LEADER 00525nam a2200193K  4500
001 003000245-1
005 20020606093309.7
008 930424s1927    dcu          f000 0 eng d
035 0 $aocm81973232
040   $aFLL$cFLL
110 2 $aChamber of Commerce of the United States of America.
245 10$aAir transportation.
260   $aWash. D.C.,$bChamber of Com. of U.S.$c[1927]
300   $a15 p.
500   $aApril 25, 1927.
690  9$aTransportation, Aerial.$5des
690  9$aAirports.$5des
988   $a20020608
906   $0MH

