LEADER 00495nam a2200181K  4500
001 003000246-X
005 20020606093309.7
008 930424s1944    dcu          f000 0 eng d
035 0 $aocm80042035
040   $aFLL$cFLL
110 2 $aChamber of Commerce of the United States of America.
245 10$aAmerican economic security,$nvol. 1:2.
260   $aWashington,$bThe Chamber.$c[1944]
300   $a11 p.
500   $aFeb.-Mar. 1944.
690  9$aSocial security.$5des
988   $a20020608
906   $0MH

