LEADER 00552nam a2200181K  4500
001 003000247-8
005 20020606093309.7
008 930424s1960    dcu          f000 0 eng d
035 0 $aocm83142215
040   $aFLL$cFLL
110 2 $aChamber of Commerce of the United States of America.
245 10$aBalanced community development.
260   $aWashington,$bThe Chamber.$c1960.
300   $a1 v. (var. p.)$bsketches.$c22 cm.
490 0 $aCommunity development series$v1-7
690  9$aCity planning$xTechnical procedure.$5des
988   $a20020608
906   $0MH

