LEADER 00540nam a2200181K  4500
001 003000248-6
005 20020606093309.7
008 930424s1921    dcu          f000 0 eng d
035 0 $aocm82301913
040   $aFLL$cFLL
110 2 $aChamber of Commerce of the United States of America.
245 14$aThe building situation,$bcivic development publications.
260   $aWashington,$bThe Chamber.$c1921.
300   $a18 p.$btables.
690  9$aBuilding$zUnited States.$5des
690  9$aBuilding$xStatistics.$5des
988   $a20020608
906   $0MH

