LEADER 00545nam a2200169K  4500
001 003000249-4
005 20020606093309.7
008 930424s1930    dcu          f100 0 eng d
035 0 $aocm78721001
040   $aFLL$cFLL
110 2 $aChamber of Commerce of the United States of America.
245 10$aBusiness stabilization and Round Table Conference on what's ahead for business in construction.$bEighteenth annual meeting.
260   $aWashington,$bThe Chamber.$c[1930]
300   $a84 p.
690  9$aPublic works.$5des
988   $a20020608
906   $0MH

