LEADER 00483nam a2200181K  4500
001 003000250-8
005 20020606093309.7
008 930424s1921    xx            000 0 eng d
035 0 $aocm77986493
040   $aFLL$cFLL
110 2 $aChamber of Commerce of the United States of America.
245 10$a"City plan commissions".
260   $c[1921]
300   $a5 p.
690  9$aCity planning$xCommissions.$5des
690  9$aCity planning$zUnited States.$5des
988   $a20020608
906   $0MH

