LEADER 00475nam a2200169K  4500
001 003000251-6
005 20020606093309.7
008 930424s1940    dcu          f000 0 eng d
035 0 $aocm79958220
040   $aFLL$cFLL
110 2 $aChamber of Commerce of the United States of America.
245 10$aFacts about construction and housing.
260   $aWashington,$bThe Chamber.$c[1940]
300   $a10 p.$btables.
690  9$aHousing$xStatistics.$5des
988   $a20020608
906   $0MH

