LEADER 00511nam a2200157K  4500
001 003000252-4
005 20020606093309.7
008 930424n        xx            000 0 eng d
035 0 $aocm82238464
040   $aFLL$cFLL
110 2 $aChamber of Commerce of the United States of America.
245 10$aGrade separation,$ba report compiled by the Chamber of Commerce of the United States, Civic Development Dept, John Ihlder, Manager.
300   $a13 p.
690  9$aRailroads$xCrossings.$5des
988   $a20020608
906   $0MH

