LEADER 00493nam a2200169K  4500
001 003000253-2
005 20020606093309.7
008 930424s1963    dcu          f000 0 eng d
035 0 $aocm77928708
040   $aFLL$cFLL
110 2 $aChamber of Commerce of the United States of America.
245 10$aGuidelines for review of the fiscal year 1964 budget.
260   $aWashington,$bThe Chamber.$c1963.
300   $a37 p.$btables.
690  9$aBudgets$zUnited States.$5des
988   $a20020608
906   $0MH

