LEADER 00638nam a2200193K  4500
001 003000254-0
005 20020606093309.7
008 930424s1921    dcu          f000 0 eng d
035 0 $aocm78832734
040   $aFLL$cFLL
110 2 $aChamber of Commerce of the United States of America.
245 10$aHousing companies, summary of replies to a letter of inquiry sent out by Civic Development Department concerning housing companies...
260   $aWashington, D.C.,$bThe Chamber.$c[1921]
300   $a15 p.
500   $aJan. 1921.
690  9$aHousing$zUnited States.$5des
690  9$aHousing companies.$5des
988   $a20020608
906   $0MH

