LEADER 00422nam a2200169K  4500
001 003000255-9
005 20020606093309.7
008 930424s1921    xx            000 0 eng d
035 0 $aocm78507337
040   $aFLL$cFLL
110 2 $aChamber of Commerce of the United States of America.
245 10$aMunicipal golf links.
260   $c1921.
300   $a8 p.
690  9$aGolf courses, Public.$5des
988   $a20020608
906   $0MH

