LEADER 00526nam a2200181K  4500
001 003000256-7
005 20020606093309.7
008 930424s1940    dcu          f000 0 eng d
035 0 $aocm79006744
040   $aFLL$cFLL
110 2 $aChamber of Commerce of the United States of America.
245 10$aNational defense bulletin,$nno. 5.
260   $aWashington,$bThe Chamber.$c[1940]
300   $a9 + [3] p.$bdiagrs.
500   $aAug. 6, 1940.
690  9$aCity planning, War-time$zUnited States.$5des
988   $a20020608
906   $0MH

