LEADER 00482nam a2200169K  4500
001 003000257-5
005 20020606093309.7
008 930424s1946    dcu          f000 0 eng d
035 0 $aocm80515660
040   $aFLL$cFLL
110 2 $aChamber of Commerce of the United States of America.
245 10$aPolicy declarations on natural resources.
260   $aWashington,$bThe Chamber.$c1946.
300   $a12 p.
690  9$aNatural resources$zUnited States.$5des
988   $a20020608
906   $0MH

