LEADER 00520nam a2200169K  4500
001 003000258-3
005 20020606093309.7
008 930424s1934    dcu          f100 0 eng d
035 0 $aocm77928709
040   $aFLL$cFLL
110 2 $aChamber of Commerce of the United States of America.
245 10$aPreliminary program, twenty-second annual meeting...May 1 to 4, 1934, Washington, D.C.
260   $aWashington,$bThe Chamber.$c1934.
300   $a23 p.
690  9$aCity planning$xCongresses.$5des
988   $a20020608
906   $0MH

