LEADER 00609nam a2200181K  4500
001 003000259-1
005 20020606093309.7
008 930424s1950    dcu          f000 0 eng d
035 0 $aocm84316702
040   $aFLL$cFLL
110 2 $aChamber of Commerce of the United States of America.
245 10$aProposed National Mortgage Corporation for housing cooperatives;$ba summary analysis. [And other articles.]
260   $aWashington,$bThe Chamber.$c[1950]
300   $a1 v. [various paging]
690  9$aHousing, Coop.$zUnited States.$5des
690  9$aHousing, Coop.$xFin. con.$5des
988   $a20020608
906   $0MH

