LEADER 00650nam a2200193K  4500
001 003000260-5
005 20020606093309.7
008 930424s1934    dcu          f000 0 eng d
035 0 $aocm84175119
040   $aFLL$cFLL
110 2 $aChamber of Commerce of the United States of America.
245 10$aPublic works program under title II of Industrial Recovery Act:$bPublic works program creates new interest in city planning.
260   $aWashington,$bThe Chamber.$c[1934]
300   $a[3] p.
500   $aMar. 1934.
690  9$aPublic works$zUnited States.$5des
690  9$aCity planning$xIn public works program.$5des
988   $a20020608
906   $0MH

