LEADER 00523nam a2200181K  4500
001 003000261-3
005 20020606093309.7
008 930424s1927    xx            000 0 eng d
035 0 $aocm82238469
040   $aFLL$cFLL
110 2 $aChamber of Commerce of the United States of America.
245 10$aReferendum no. 51 on the report of the Committee on Mississippi flood control.
260   $c[1927]
300   $a38 p.$bmaps, tables.
500   $aOct. 31, 1927.
690  9$aFlood protection.$5des
988   $a20020608
906   $0MH

