LEADER 00585nam a2200193K  4500
001 003000262-1
005 20020606093309.7
008 930424s1932    dcu          f000 0 eng d
035 0 $aocm83761479
040   $aFLL$cFLL
110 2 $aChamber of Commerce of the United States of America.
245 10$aReferendum number sixty-one:$bcity passenger transportation, 1932.
260   $aWashington,$bThe Chamber,$c[1932]
300   $a26 p.$btables.$c30 cm.
490 0 $aSpecial bulletin
500   $aOct. 31, 1932.
690  9$aRapid transit$zUnited States.$5des
988   $a20020608
906   $0MH

