LEADER 00609nam a2200193K  4500
001 003000263-X
005 20020606093309.7
008 930424s1932    dcu          f000 0 eng d
035 0 $aocm83281934
040   $aFLL$cFLL
110 2 $aChamber of Commerce of the United States of America.
245 10$aReferendum no. 61 on the report of the Special Committee on City Passenger Transportation.
260   $aWashington,$bThe Chamber,$c[1932]
300   $a31 p.$btables.$c30 cm.
500   $aAug. 27, 1932.
500   $aIncludes ballot.
690  9$aRapid transit$zUnited States.$5des
988   $a20020608
906   $0MH

