LEADER 00836nam a2200265K  4500
001 003000264-8
005 20020606093309.7
008 930424s1933    dcu          f000 0 eng d
035 0 $aocm51065090
040   $aFLL$cFLL
043   $an-us---
050  4$aHE151$b.R44 1933
110 2 $aChamber of Commerce of the United States of America.
245 10$aReferendum number sixty-five: competing forms of transportation.
246 3 $aReferendum number 65
246 30$aCompeting forms of transportation
260   $aWashington,$bThe Chamber.$c[1933]
300   $a35 p.$btables.
490 0 $aSpecial bulletin
500   $aNov. 25, 1933.
690  9$aTransportation$zUnited States.$5des
650  0$aTransportation$zUnited States.
710 2 $aChamber of Commerce of the United States of America.
988   $a20020608
906   $0MH

