LEADER 00565nam a2200181K  4500
001 003000265-6
005 20020606093309.7
008 930424s1933    dcu          f000 0 eng d
035 0 $aocm43822370
040   $aFLL$cFLL
110 2 $aChamber of Commerce of the United States of America.
245 10$aReferendum no. 65 on the Report of the Special Committee on Competing Forms of Transportation.
260   $aWashington,$bThe Chamber.$c[1933]
300   $a25 p.
500   $aSept. 16, 1933.
690  9$aTransportation$zUnited States.$5des
988   $a20020608
906   $0MH

