LEADER 00698nam a2200193K  4500
001 003000266-4
005 20020606093309.7
008 930424s1944    dcu          f000 0 eng d
035 0 $aocm78391817
040   $aFLL$cFLL
110 2 $aChamber of Commerce of the United States of America.
245 10$aReferendum no. 84 of organization members on social security in the United States.
260   $aWashington,$bThe Chamber,$c[1944]
300   $a29 p.$btables.$c30 cm.
500   $aSept. 1, 1944.
500   $aAccompanied by Social security in the United States; Chamber policies and report of Committee on Social Security.
690  9$aSoc. security$zUnited States.$5des
988   $a20020608
906   $0MH

