LEADER 00546nam a2200169K  4500
001 003000267-2
005 20020606093309.7
008 930424s1934    dcu          f000 0 eng d
035 0 $aocm82472656
040   $aFLL$cFLL
110 2 $aChamber of Commerce of the United States of America.
245 10$aResolution adopted at annual meeting of U.S. Chamber of Commerce, May 1 - 4, 1934.$bCity planning.
260   $a[Washington],$bThe Chamber,$c1934.
300   $a1 p.
690  9$aCity planning$xIn public works program.$5des
988   $a20020608
906   $0MH

