LEADER 00606nam a2200193K  4500
001 003000268-0
005 20020606093309.7
008 930424s1934    dcu          f000 0 eng d
035 0 $aocm82235029
040   $aFLL$cFLL
110 2 $aChamber of Commerce of the United States of America.
245 10$aSummary statement of information with respect to National Housing Act and its administration.
260   $a[Washington,$bThe Chamber.]$c[1934]
300   $a6 p.
500   $aJune 26, 1934.
690  9$aHousing, Gov.$zUnited States.$5des
690  9$aHousing, Gov.$xLegis.$5des
988   $a20020608
906   $0MH

