LEADER 00580nam a2200181K  4500
001 003000269-9
005 20020606093309.7
008 930424s1923    dcu          f000 0 eng d
035 0 $aocm41089203
035 0 $aocn188457719
040   $aFLL$cFLL
110 2 $aChamber of Commerce of the United States of America.
245 10$aTaxation of transportation agencies.$bReport of joint subcommittee appointed by the president of the Chamber of Commerce...
260   $aWashington, D.C.,$bThe Chamber.$c1923.
300   $a8 p.
690  9$aTransportation.$5des
988   $a20020608
906   $0MH

