LEADER 00652nam a2200181K  4500
001 003000270-2
005 20020606093309.7
008 930424s1943    dcu          f000 0 eng d
035 0 $aocm39773594
040   $aFLL$cFLL
110 2 $aChamber of Commerce of the United States of America.
245 10$aThird progress report of a consumer survey to measure post war buying intent for the period immediately following war's end$b(through September 1943).
260   $aWashington,$bThe Chamber.$c1943.
300   $a20 p.$btables.
690  9$aCost & standard of living$zUnited States.$5des
690  9$aIncome$zUnited States.$5des
988   $a20020608
906   $0MH

