LEADER 00556nam a2200181K  4500
001 003000271-0
005 20020606093309.7
008 930424s1952    dcu          f000 0 eng d
035 0 $aocn188457742
040   $aFLL$cFLL
110 2 $aChamber of Commerce of the United States of America.
245 10$aTransit's crisis, businessman's concern.
260   $aWashington, D.C.,$b[The Chamber].$c[1952?]
300   $a[11] p.$billus., charts.
690  9$aRapid transit$xEcon consid.$5des
690  9$aRapid transit$zUnited States.$5des
988   $a20020608
906   $0MH

