LEADER 00689nas a22002297  4500
001 003000272-9
005 00000000000000.0
008 930424d19uu1963dcu|| |||    ||   ||eng|d
010   $a   55042013 
035 0 $aocm04864987
040   $aFLL$cFLL
110 2 $aChamber of Commerce of the United States of America.
245 10$aTransport review and outlook.
260   $aWashington,$bThe Chamber.
300   $av.$bphotos, diagrs., tables.$c28 cm.
310   $aAnnual
362 0 $a-[15th ed.];    -1963.
650  9$aTransportation$zUnited States.
650  0$aTransportation$zUnited States$vPeriodicals.
690  9$aTransportation$zUnited States.$5des
988   $a20020608
906   $0MH

