LEADER 01004nam a2200265K  4500
001 003000273-7
005 20020606093309.7
008 930424s1971    dcu           000 0 eng d
035 0 $aocm77906631
040   $aFLL$cFLL
110 2 $aChamber of Commerce of the United States of America.
245 10$aTwin Cities Metropolitan Council anticipates and supplies orderly urban growth.
260   $aWashington, D.C.,$c1971.
300   $a27 p.$bmap.
410 20$aUrban Action Clearinghouse.$tCase study,$v20
690  9$aMetropolitan districts$xGrowth.$5des
690  9$aMetropolitan districts$zUnited States. Minneapolis, Minn.$5des
690  9$aRegional planning$zUnited States. Minnesota.$5des
690  9$aRegional government$zUnited States. Minnesota.$5des
690  9$aCity planning$zUnited States. Minneapolis, Minn.$5des
690  9$aCity planning$zUnited States. St. Paul, Minn.$5des
691  9$aMinneapolis, Minn.$5des
691  9$aSt. Paul, Minn.$5des
988   $a20020608
906   $0MH

