LEADER 00691nam a2200217K  4500
001 003000274-5
005 20070828114555.0
008 930424s1936    dcu          f000 0 eng d
035 0 $aocm83545624
040   $aFLL$cFLL
110 2 $aChamber of Commerce of the United States of America.
245 10$aWashington review; a periodical summary of national business affairs;$bannual meeting number.
260   $aWashington,$bThe Chamber.$c[1936]
300   $a24 p.
500   $aMay 4, 1936.
500   $aVol. 3:16.
690  9$aUnemployment$zUnited States.$5des
690  9$aPublic works$zUnited States.$5des
690  9$aNatural resources$zUnited States.$5des
988   $a20020608
906   $0MH

