LEADER 00638nam a2200193K  4500
001 003000275-3
005 20020606093309.7
008 930424s1930    dcu          f000 0 eng d
035 0 $aocm79338901
040   $aFLL$cFLL
110 2 $aChamber of Commerce of the United States of America.
245 10$aWhat can be done to improve financing as regards large and small investments?
260   $aWashington,$bThe Chamber.$c[1930]
300   $a27 p.
500   $aAddresses at Round Table Conference at 18th annual meeting of the Chamber, Apr. 29, 1930.
690  9$aReal property.$5des
690  9$aMortgages.$5des
988   $a20020608
906   $0MH

