LEADER 00648cam a2200205I  4500
001 003000276-1
005 20020606093309.7
008 721213s1945    ohu           000 0 eng c
010   $aa  48007991 
035 0 $aocm00514097
040   $aChicago Univ. Libr.$cWSU$dOCL$dFDA$dFLL
090   $aNA6821$b.G5
100 1 $aGillette, A. S.$q(Arnold S.),$d1904-
245 10$aPlanning and equipping the educational theatre,$cby A.S. Gillette.
260   $aCincinnati,$bNational Thespian Society$c[c1945]
300   $a31 p.$billus.$c23 cm.
650  0$aTheater architecture.
650  0$aTheaters$xStage-setting and scenery.
988   $a20020608
906   $0OCLC

