LEADER 00914cam a2200277   4500
001 003000277-X
005 20020606093309.7
008 720707s1971    enka          000 0 eng  
010   $a   72179324 //r85
015   $aB***
020   $z01175038501
035 0 $aocm00514148
040   $aDLC$cDLC$dm.c.$dFLL
043   $ae-uk---
050 0 $aNA109.G7$bA45
082   $a720/.942
110 1 $aGreat Britain.$bDepartment of the Environment.
245 10$aNew life for old buildings$c[issued by the] Dept. of the Environment, Scottish Development Dept. [and] Welsh Office.
260   $aLondon,$bH.M. Stationery Off.,$c1971.
300   $a22 p.$billus.$c25 cm.
490 0 $aAspects of conservation,$v1
650  0$aBuildings$xRemodeling for other use$zGreat Britain.
710 1 $aGreat Britain.$bWelsh Office.
710 1 $aGreat Britain.$bScottish Development Department.
988   $a20020608
906   $0DLC

