LEADER 00544nam a2200193K  4500
001 003000278-8
005 20090712151932.0
008 930426s1956    ilu           000 0 eng d
035 0 $aocm79966960
040   $aFLL$cFLL
110 2 $aChicago Land Clearance Commission.
245 10$aLand to be sold in the West Central Industrial district.
250   $aRev.
260   $aChicago, Ill.,$bThe Commission.$c[1956]
300   $a1 map.$bmaps.
500   $aJune 22, 1956.
690  9$aUrb. ren.$zUnited States. Chic.$5des
988   $a20020608
906   $0MH

