LEADER 00527nam a2200181K  4500
001 003000279-6
005 20020606093309.7
008 930426s1934    enk           000 0 eng d
035 0 $aocm80773302
040   $aFLL$cFLL
130 0 $aCountry Life. (London)
245 10$aCountry life aviation map;$bsupplement to Country life, Mar. 17, 1934.
260   $a[London],$bGeorge Philip and Son, Ltd.$c[1934]
300   $a[1 sheet]$bmaps.
500   $aMar. 17, 1934.
690  9$aAirways$zGreat Britain.$5des
988   $a20020608
906   $0MH

