LEADER 00855nam a2200241K  4500
001 003000280-X
005 20020606093309.7
008 930426s1935    mau           000 0 eng d
035 0 $aocm78146432
040   $aFLL$cFLL
100 1 $aCoolidge, John,$d1913-1995.
245 10$aGothic Revival churches in New England and New York;$bHonors thesis, Fine arts department.
260   $aCambridge, Mass.$bHarvard university,$c1935.
300   $a399 p.$bexts, ints.$c29 cm.
504   $a"Bibliography": p. 377-399.
690  9$aChurch architecture, Gothic revival$zUnited States.$5des
690  9$aArchitecture, Gothic Revival$zUnited States.$5des
690  9$aArchitecture$zUnited States.$5des
690  9$aChurch architecture$zUnited States.$5des
700 1 $aRogers, Isaiah.
710 2 $aFirst Parish (Cambridge, Mass.)
988   $a20020608
906   $0MH

