LEADER 00770aam a2200253 a 4500
001 003000281-8
005 20020606093309.7
008 921016s1992    ii b     b    001 0 eng  
010   $a   92907047 
020   $a8173070008 :$cRs250.00
035 0 $aocm27815716
040   $aDLC$cDLC$dDLC
043   $aa-bt---
050 00$aDS492.7$b.P37 1992
100 0 $aParmanand,$d1949-
245 14$aThe politics of Bhutan :$bretrospect and prospect /$cParmanand.
260   $aDelhi, India :$bPragati Publications,$c1992.
300   $axiii, 260 p. :$bmap ;$c22 cm.
500   $aMap on lining papers.
500   $aIncludes index.
504   $aIncludes bibliographical references (p. [243]-253).
651  0$aBhutan$xPolitics and government.
988   $a20020608
906   $0DLC

