LEADER 00633nam a2200205K  4500
001 003000282-6
005 20020606093309.7
008 930426s1860    mau           000 0 eng d
035 0 $aocm79230616
040   $aFLL$cFLL
100 1 $aCopeland, R[obert] Morris.
245 10$aDesign of a flower garden for S.B. Thompson, esqr., Lincoln, Mass.
260   $aBoston, Mass.,$c[1860]
300   $ams. map.$c31 x 38 cm.
500   $aOctober 25, 1860.
500   $aAccompanied by ms. letter, [4] p., and planting diagram, 1 sheet.
691  9$aLincoln, Mass. Thompson Estate.$5des
700 1 $aThompson, S. B.
988   $a20020608
906   $0MH

