LEADER 00810naa a2200217K  4500
001 003000283-4
005 20020606093309.7
008 930426s1959    xxu           000 0 eng d
035 0 $aocm82054102
040   $aFLL$cFLL
110 1 $aDade County (Fla.).$bDevelopment Department.
245 10$aLand use and site;$blocation of lands industrially zoned.
300   $bmaps, plans, tables.
690  9$aMetropolitan districts$zUnited States. Miami, Fla.$5des
690  9$aLand use, Industrial$zUnited States. Florida. Dade County.$5des
690  9$aLand use, Industrial$zUnited States. Miami, Fla.$5des
690  9$aZoning$xIndustries.$5des
690  9$aIndustries, Location of$zUnited States. Florida. Dade County.$5des
773 0 $a1959 Survey of Metropolitan Miami, 1959, 23 p.
988   $a20020608
906   $0MH

