LEADER 00546nam a2200181K  4500
001 003000284-2
005 20020606093309.7
008 930426s1920    txu           000 0 eng d
035 0 $aocm81115099
040   $aFLL$cFLL
110 2 $aDallas Chamber of Commerce.
245 10$aKessler map showing streets to be widened and extended.
260   $aDallas, Tex.,$bMetropolitan Development Association.$c[1920]
300   $a[1 sheet]$bmaps.
500   $aFeb. 1920.
690  9$aCity planning$zUnited States. Dallas, Tex.$5des
988   $a20020608
906   $0MH

