LEADER 00647nam a2200205K  4500
001 003000286-9
005 20020606093309.7
008 930426s1935    pau           000 0 eng d
035 0 $aocm77744289
040   $aFLL$cFLL
110 2 $aDallin Aerial Surveys.
245 10$aAir map of Harrisburg.
250   $aAnniversary ed., 1785-1935.$bHarrisburg street index.
260   $aHarrisburg, Pa.,$bMiller Brothers and Co.$c1935.
300   $a1 p. (folded)$bphotos, maps.
690  9$aSurveys, Topo., Aerial$zUnited States. Harrisburg, Pa.$5des
690  9$aCities$xAir views.$5des
691  9$aHarrisburg, Pa.$xMaps.$5des
988   $a20020608
906   $0MH

