LEADER 00429naa a2200145K  4500
001 003000287-7
005 20020606093309.7
008 930426s1924    xxu           100 0 eng d
035 0 $aocm83644658
040   $aFLL$cFLL
100 1 $aDamon, George A.
245 10$aRelation of the motor bus to other methods of transportation.
773 0 $aNational Conference on City Planning. 16th. Proceedings. 1924. p. 79-90.
988   $a20020608
906   $0MH

