LEADER 00639nam a2200205I  4500
001 003000288-5
005 20020606093309.7
008 721213s1965    gw            000 0 eng u
010   $a   65021739 
035 0 $aocm00514173
040   $cOUN$dFLL
050   $aTR630$b.G513
082   $a778.94
100 1 $aGiebelhausen, Joachim.
245 00$aArchitectural photography.$cEnglish-language ed. by E. F. Linssen.
260   $aMunich,$bVerlag Grossbild-Technik; [distributed in U.S.A. by Kling Photo Corp., New York,$c1965]
300   $a256 p.$billus. (part col.)$c29 cm.
650  0$aArchitectural photography.
988   $a20020608
906   $0MH

