LEADER 00604nam a2200193K  4500
001 003000289-3
005 20070816091637.0
008 930426s1881    nyu           000 0 eng d
035 0 $aocn123199360
040   $aFLL$cFLL
100 1 $aDana, Edward Salisbury,$d1849-1935.
245 12$aA text-book of mineralogy :$bwith an extended treatise on crystallography and physical mineralogy.
250   $a3d ed., rev. and corrected.
260   $aN.Y.,$bWiley,$c1881.
300   $a485 p.$billus., diagrs.$c24 cm.
690  9$aGeology.$5des
700 1 $aDana, James Dwight,$d1813-1895.
988   $a20020608
906   $0MH

