LEADER 00551naa a2200193K  4500
001 003000290-7
005 20020606093309.7
008 930426s1916    xxu           000 0 eng d
035 0 $aocm80446054
040   $aFLL$cFLL
100 1 $aDana, Samuel T.
245 10$aFarms, forests, and erosion.
300   $bphotos.
490 1 $aUnited States. Dept. of Agriculture
690  9$aSoil erosion.$5des
773 0 $aUnited States. Dept. of Agriculture year book, 1916, 28 p.
810 10$aUnited States.$bDepartment of Agriculture.
988   $a20020608
906   $0MH

