LEADER 00971nam a2200241K  4500
001 003000291-5
005 20020606093309.7
008 930426s1974    inu           100 0 eng d
035 0 $aocm82513257
040   $aFLL$cFLL
111 2 $aConference on improving efficiency in HVAC equipment and components for residential and small commercial buildings$d(1974 :$cPurdue University)
245 10$aProceedings,$cedited by Victor W. Goldschmidt [and] David Didion.
260   $aLafayette, Ind.,$bPurdue University, Purdue Research Foundation,$c1974.
300   $a226 p.$bdiagrs., maps, plan, tables.$c28 cm.
500   $aSponsored by Purdue University, Ray W. Herrick Laboratories.
690  9$aHeating and ventilation$xCongresses, 1974.$5des
690  9$aAir conditioning$xCongresses, 1974.$5des
700 1 $aGoldschmidt, Victor W.,$eed.
700 1 $aDidion, David.
700 1 $aNewman, Persis.
710 2 $aRay W. Herrick Laboratories.
988   $a20020608
906   $0MH

