LEADER 00954nam a2200205K  4500
001 003000292-3
005 20020606093309.7
008 930426s1973    mau           100 0 eng d
035 0 $aocm77859360
040   $aFLL$cFLL
111 2 $aConference on Labor Market Stratification,$cHarvard University,$d1973.
245 10$a[Papers] presented at the Conference ... March 16-17, 1973.
260   $a[Cambridge, Mass.],$c1973.
300   $a1 v.$btables.$c28 cm.
500   $aWorking drafts.
505 0 $aThe social relations of production in the firm and labor market structure, by Richard C. Edwards. -Labor market segmentation in American capitalism, by David M. Gordon, Richard C. Edwards, [and] Michael Reich. -Notes for a theory of labor market stratification, by Michael Joseph Piore. -The origins of job structures in the steel industry, by Katherine Stone.
690  9$aLabor.$5des
690  9$aIndustrial management.$5des
988   $a20020608
906   $0MH

