LEADER 00613nam a2200205K  4500
001 003000293-1
005 20020606093309.7
008 930426s1958    xx            100 0 eng d
035 0 $aocm81201729
040   $aFLL$cFLL
111 2 $aConference on Urban Problems in East and Central Africa,$cNdola, Northern Rhodesia,$dFebruary 1958.
245 10$aReport.
260   $c[1958]
300   $app. 182-251.
490 0 $aJournal of African administration,$vvol. 10, no. 4
500   $aOct. 1958.
690  9$aCity planning$zAfrica.$5des
690  9$aCity planning$xCongresses. 1958.$5des
988   $a20020608
906   $0MH

