LEADER 00643nam a2200181K  4500
001 003000294-X
005 20020606093309.7
008 930426r19471947dcu           000 0 eng d
035 0 $aocn188457818
040   $aFLL$cFLL
110 2 $aCongress of Industrial Organizations (U.S.)
245 10$aWhat's ahead?$bA survey of current economic trends.$c[Adapted from testimony before Joint Committee on the Economic Report, 1947.]
260   $aWashington,$bThe Congress.$c1947.
300   $a32 p.$bcharts.
500   $aReprinted with revisions from Economic outlook, July 1947.
690  9$aCity planning$xEcon. consid.$5des
988   $a20020608
906   $0MH

