LEADER 00601nam a2200181K  4500
001 003000295-8
005 20020606093309.7
008 930426s1949    dcu           000 0 eng d
035 0 $aocm79142690
040   $aFLL$cFLL
110 2 $aCongress of Industrial Organizations (U.S.).$bCommittee on Regional Development and Conservation.
245 10$aProgram ... adopted Chicago, Illinois, August 9, 10, 11, 1949.
260   $a[Washington,$bThe Congress.]$c1949.
300   $a35 p.
690  9$aRegional planning$zUnited States.$5des
690  9$aNatural res.$zUnited States.$5des
988   $a20020608
906   $0MH

