LEADER 00543nam a2200181K  4500
001 003000296-6
005 20020606093309.7
008 930426s1952    nyu           000 0 eng d
035 0 $aocm39920313
040   $aFLL$cFLL
110 2 $aCongress of Industrial Organizations (U.S.).$bNational CIO Community Services Committee.
245 10$aAction! for a better community.
260   $a[N.Y.],$bThe Committee.$c[1952?]
300   $a62 p.
690  9$aLabor$zUnited States.$5des
690  9$aCity planning$xPublicity.$5des
988   $a20020608
906   $0MH

