LEADER 00614nam a2200181K  4500
001 003000297-4
005 20020606093309.7
008 930426s1949    dcu           100 0 eng d
035 0 $aocm81363893
040   $aFLL$cFLL
110 2 $aCongress of Industrial Organizations (U.S.).$bPublications Department.
245 10$aCIO resolutions on social welfare.$bCIO 11th Constitutional Convention, Cleveland, Ohio, October 31 - November 4, 1949.
260   $aWashington,$bThe Congress.$c1949.
300   $a12 p.
690  9$aPublic welfare$xPrograms.$5des
690  9$aLabor$zUnited States.$5des
988   $a20020608
906   $0MH

