LEADER 00516nam a2200181K  4500
001 003000298-2
005 20020606093309.7
008 930426s1959    dcu           000 0 eng d
035 0 $aocm81857975
040   $aFLL$cFLL
130 0 $aCongressional digest, vol. 38:3.
245 14$aThe question of extending federal housing aid, pro & con.
260   $aWashington,$bCongressional Digest Corporation.$c[1959]
300   $a96 p.
500   $aMarch, 1959.
690  9$aHousing legislation.$5des
988   $a20020608
906   $0MH

