LEADER 00484nam a2200169K  4500
001 003000299-0
005 20020606093309.7
008 930426s1962    dcu           000 0 eng d
035 0 $aocm79958226
040   $aFLL$cFLL
110 2 $aCongressional Quarterly, inc.
245 10$aCongress in operation,$bfor scholars and reference librarians.
260   $aWashington,$bThe Service.$c1962.
300   $a15 p.$bphotos.
690  9$aFederal govt.$xBibliography.$5des
988   $a20020608
906   $0MH

