LEADER 00579nam a2200193K  4500
001 003000300-8
005 20020606093309.7
008 930426s1967    dcu           000 0 eng d
035 0 $aocm81660235
040   $aFLL$cFLL
130 0 $aCongressional record, 113:8, January 23, 1967.
245 14$aThe competent city: an action program for urban America.
260   $aWashington, D.C.,$c1967.
300   $a[709-722] p.
500   $aSpeech to Senate by Abraham Ribicoff.
690  9$aCity planning$xLegis.$5des
700 1 $aRibicoff, Abraham,$d1910-1998.
988   $a20020608
906   $0MH

