LEADER 00787nam a2200217K  4500
001 003000301-6
005 20020606093309.7
008 930426s1929    it            100 0 ita d
035 0 $aocm78019717
040   $aFLL$cFLL
111 2 $aCongresso Nazionale dell' Artigianato,$n1st,$cRome,$d1929.
245 10$aQuartieri artigiani;$brelazione al primo Congresso nazionale dell' artigianato.
260   $aRome, It.,$bSocieta Anonima Poligrafica Italiana,$c1929.
300   $a9 p.$bplates (illus., plans (part fold.))$c25 cm.
500   $aReport prepared by Raffaello Fagnoni.
690  9$aCity planning$xSocial considerations.$5des
690  9$aCity planning$xCongresses, 1929.$5des
690  9$aArts and crafts$zItaly.$5des
700 1 $aFagnoni, Raffaello.
988   $a20020608
906   $0MH

