LEADER 00536nam a2200181K  4500
001 003000302-4
005 20020606093309.7
008 930426s1955    ne            000 0 dut d
035 0 $aocn188457855
040   $aFLL$cFLL
100 1 $aConinck, Octave de.
245 10$aRotterdam wereldstad in opbouw.
260   $aRotterdam,$bImporthuis Gebr. Spanjersberg N.V.$c1955.
300   $a1 v. (unpaged)$bphotos, maps.
690  9$aCity planning$zHolland. Rotterdm.$5des
691  9$aRotterdm., Hol.$xDescription.$5des
988   $a20020608
906   $0MH

