LEADER 00781nam a2200217K  4500
001 003000303-2
005 20020606093309.7
008 930426s1953    nyu           000 0 eng d
035 0 $aocm82235033
040   $aFLL$cFLL
100 1 $aConklin, Howard E.
245 13$aAn economic classification of farming areas, towns of Caledonia and York, Livingston County, New York.$bA preliminary report with special emphasis on methods.
260   $aIthaca, N.Y.,$bCornell University. Dept. of Agricultural Economics.$c1953.
300   $a23 p.$bmaps, tables.
490 0 $aA.E.$v934
690  9$aLand use, Agr.$zUnited States. Cal.$5des
690  9$aLand use, Agr.$zUnited States. York.$5des
690  9$aLand classif.$xTech. pro.$5des
710 2 $aCU.$bAES.
988   $a20020608
906   $0MH

