LEADER 00709nam a2200193K  4500
001 003000304-0
005 20020606093309.7
008 930426s1954    nyu           000 0 eng d
035 0 $aocm64679808
035 0 $aocn188457875
040   $aFLL$cFLL
100 1 $aConklin, Howard E.
245 10$aFarming areas in Lewis County,$ba statistical summary by economic land class, 225 full-time commercial farms, Lewis County, New York, by Howard E. Conklin and Broder F. Lucas.
260   $aIthaca, N.Y.,$bNew York (state). Agricultural Experiment Station.$c1954.
300   $a23 p.$bsketches, tables.
490 0 $aA.E.$v938
690  9$aLand use, Agric.$zUnited States. NY (st.). LC.$5des
988   $a20020608
906   $0MH

