LEADER 00576nam a2200181K  4500
001 003000306-7
005 20020606093309.7
008 930426s1895    nyu           000 0 eng d
035 0 $aocm83545628
040   $aFLL$cFLL
100 1 $aConkling, Alfred Ronald,$d1850-1917.
245 13$aEl gobierno municipal,$cpor Alfred R. Conkling; tr. al español por Francisco Carrera y Jústiz ...
250   $aEnglish edition.
260   $aNueva York,$bD. Appleton y compañía,$c1895.
300   $a2 p. l., 243 p.$c19 cm.
690  9$aMunicipal government.$5des
988   $a20020608
906   $0MH

