LEADER 00418naa a2200145K  4500
001 003000307-5
005 20020606093309.7
008 930426s1933    xxu           100 0 eng d
035 0 $aocm81396369
040   $aFLL$cFLL
100 1 $aConley, Charles E.
245 10$aCleveland's housing program.
773 0 $aOhio State Planning Conference. Proceedings of the fifteenth annual meeting, 1933, p. 19-21.
988   $a20020608
906   $0MH

