LEADER 00515nam a2200181K  4500
001 003000308-3
005 20020606093309.7
008 930426s1928    ohu          l000 0 eng d
035 0 $aocm82008699
040   $aFLL$cFLL
100 1 $aConley, Charles E.
245 10$aZoning throughout the state of Ohio.
260   $aCleveland,$bCity Plan Commission,$c1928.
300   $a10 p.$c31 cm.
690  9$aZoning$zUnited States. Ohio.$5des
710 1 $aCleveland (Ohio)$bCity Planning Commission..
988   $a20020608
906   $0MH

