LEADER 00602nam a2200205K  4500
001 003000309-1
005 20020606093309.7
008 930426s1937    xx            000 0 eng d
035 0 $aocm40924357
040   $aFLL$cFLL
100 1 $aConley, Clyde G.
245 12$aA remedy for traffic congestion.
260   $bAmerican Institute of Steel Construction,$c1937.
300   $a14 p.$c30 cm.
500   $aSpeech at Highway Dinner, N.Y., Sept. 21, 1937.
690  9$aHighways, Elevated.$5des
690  9$aViaducts.$5des
710 2 $aAssociazione italiana per gli studi cinesi.
988   $a20020608
906   $0MH

