LEADER 00578nam a2200193K  4500
001 003000310-5
005 20020606093309.7
008 930426s1952    xx            000 0 eng d
035 0 $aocm83701960
040   $aFLL$cFLL
100 1 $aConley, George.
245 10$aInstitute of Tamil culture, Madras, India.
260   $bHarvard University. Dept. of Architecture.$c[1952]
300   $a3 p.$bmaps.
500   $aNov. 1952.
690  9$aCultural centers$xStud. probs.$5des
710 2 $aHarvard University.$bDepartment of Architecture.$tStudent problems.
988   $a20020608
906   $0MH

