LEADER 00556nam a2200169K  4500
001 003000311-3
005 20020606093309.7
008 930426s1945    ilu           000 0 eng d
035 0 $aocn188457920
040   $aFLL$cFLL
100 1 $aConn, Donald D.
245 14$aThe basic issues of national transportation policy;$baddress ... before the Aviation Industry Forum, New York Board of Trade, July 27, 1945.
260   $aChicago, Ill.,$bTransportation Association of America.$c1945.
300   $a7 p.
690  9$aTransp., Aerial.$5des
988   $a20020608
906   $0MH

