LEADER 00680nam a2200205K  4500
001 003000312-1
005 20020606093309.7
008 930426s1942    ilu           000 0 eng d
035 0 $aocm61234105
040   $aFLL$cFLL
100 1 $aConn, Donald D.
245 10$aWhat time is the future?$bAn appraisal of national policies in relation to the transportation industry.
260   $aChicago,$bTransportation Association of America.$c[1942]
300   $a[7] p.
500   $aMay 12, 1942.
500   $aAddress before National Credit Congress annual meeting, Cincinnati, Ohio, May 12, 1942.
690  9$aTransportation industry.$5des
710 2 $aT.A.A.
988   $a20020608
906   $0MH

