LEADER 00750nam a2200217K  4500
001 003000313-X
005 20020606093309.7
008 930426s1951    mau           000 0 eng d
035 0 $aocm82235038
040   $aFLL$cFLL
100 1 $aConnally, Ernest Allen.
245 14$aThe architecture at the end of the south.$bFine arts 173 [Modern architecture; Prof. K.J. Conant.
260   $aCambridge,$bHarvard univ.]$c[1951]
300   $a[27] p.$bmap, plans, elevs.$c28 cm.
500   $aMay 1951.
504   $aBibliography: p. [26-27]
690  9$aArchitecture$zUnited States. Texas.$5des
690  9$aArchitecture, 19th c.$zUnited States. South.$5des
690  9$aArchitecture, Classic revival$zUnited States. Texas.$5des
988   $a20020608
906   $0MH

