LEADER 00649nam a2200205K  4500
001 003000314-8
005 20020606093309.7
008 930426s1951    mau           000 0 eng d
035 0 $aocm78760301
040   $aFLL$cFLL
100 1 $aConnally, Ernest Allen.
245 14$aThe churches of the Templars.$bFine arts 143 [Mediaeval architecture; Prof. K.J. Conant.
260   $aCambridge,$bHarvard univ.]$c[1951]
300   $a1 v. (unpaged)$bplans, sections.$c28 cm.
500   $aMay 1951.
504   $aContains bibliography.
690  9$aChurch Architecture, Mediaeval$zEurope.$5des
690  9$aTemplars' Churches.$5des
988   $a20020608
906   $0MH

