LEADER 00474nam a2200181K  4500
001 003000315-6
005 20020606093309.7
008 930426s1952    pn            000 0 eng d
035 0 $aocm83419944
040   $aFLL$cFLL
110 1 $aColón (Panama)
245 14$aThe Colon Free Zone.
260   $a[Panama,$bColon Free Zone]?$c[1952?]
300   $a[3] p.$bmaps.
500   $aText in English and Spanish.
690  9$aFree ports$zPanama. Colon.$5des
988   $a20020608
906   $0MH

