LEADER 00558naa a2200181K  4500
001 003000316-4
005 20020606093309.7
008 930426s1901    xxu           000 0 eng d
035 0 $aocm83281824
040   $aFLL$cFLL
245 00$aColonial homesteads of the James River, Virginia.
300   $bphotos., plans,$c26 cm.
690  9$aGardens$zUnited States. Colonial.$5des
690  9$aGardens$zUnited States. Virginia.$5des
730 0 $aBrochure Series...
773 0 $aBrochure Series of Architectural Illustration, November 1901.
988   $a20020608
906   $0MH

