LEADER 00709nam a2200205K  4500
001 003000317-2
005 20020606093309.7
008 930426s1962    po            000 0 por d
035 0 $aocm82564691
040   $aFLL$cFLL
110 2 $aColóquio sobre Urbanismo.
245 10$a[Proceedings] 8-21 March, 1961.
260   $a[Lisbon, Portugal]$bMinistério das Obras Públicas. Centro de Estudos de Urbanismo,$c[1962?]
300   $a599 p.,$bphotos, maps, plans, sketches, charts, tables,$c25 cm.
500   $aSome papers in French.
690  9$aCity planning$xCongresses. 1961.$5des
690  9$aCity planning$zPortugal.$5des
710 1 $aPortugal.$bMinistério das Obras Públicas.
988   $a20020608
906   $0MH

