LEADER 00821nam a2200217K  4500
001 003000318-0
005 20020606093309.7
008 930426s1961    cou           000 0 eng d
035 0 $aocm82301920
040   $aFLL$cFLL
110 1 $aColorado.$bDepartment of Highways.$bPlanning and Research Division.
245 10$aDenver metropolitan area transportation study:$bland use report.
260   $aDenver, Colo.,$c1961.
300   $a195 p.$bdiagrs., fold. maps (part col.), tables.$c29 cm.
500   $aIn cooperation with: U.S. Bureau of Public Roads.
690  9$aLand use$zUnited States. Denver, Colo.$5des
690  9$aDenver Metropolitan Area Transportation Study.$5des
690  9$aTransportation$zUnited States. Denver, Colo.$5des
710 1 $aUnited States.$bBureau of Public Roads.
988   $a20020608
906   $0MH

