LEADER 00620nam a2200181K  4500
001 003000319-9
005 20031217112359.0
008 930426s1937    nhu          s000 0 eng d
035 0 $aocm38706514
035 0 $aocn188457961
040   $aFLL$cFLL
110 1 $aConnecticut.
245 10$aCompact covering flood control in the Connecticut River Basin,$bapproved by representatives of Connecticut, Massachusetts, Vermont, and New Hampshire.
260   $a[Manchester, N.H.,$bGranite State Press,$c1937.]
300   $a31 p.$c25 cm.
690  9$aFlood control$zUnited States. Conn. River region.$5des
988   $a20020608
906   $0MH

