LEADER 00486nam a2200181K  4500
001 003000321-0
005 20020606093309.7
008 930426n        xx            000 0 eng d
035 0 $aocm78606674
040   $aFLL$cFLL
100 1 $aChamberlain, Allen.
245 10$aPossibilities for farm forestry in Massachusetts.
260   $cn.d.
300   $a[9] p.
410 20$aMassachusetts Board of Agriculture.$tBulletin
690  9$aForests and forestry, Priv.$5des
988   $a20020608
906   $0MH

