LEADER 00696nam a2200217K  4500
001 003000322-9
005 20020606093309.7
008 930426s1949    mau          s000 0 eng d
035 0 $aocm80163623
040   $aFLL$cFLL
110 1 $aConnecticut.
245 10$aConnecticut River Valley flood control compact.
260   $a[Boston],$bThe authors.$c[1949]
300   $a11 p.
500   $aCompact between Massachusetts, Connecticut, New Hampshire and Vermont.
690  9$aRivers$zUnited States. Conn. River.$5des
690  9$aFlood control$zUnited States. NE.$5des
690  9$aFlood control$zUnited States. Conn. Val.$5des
690  9$aFlood control$xLegis.$5des
988   $a20020608
906   $0MH

