LEADER 00725nam a2200217K  4500
001 003000323-7
005 20020606093309.7
008 930426s1944    ctu          s000 0 eng d
035 0 $aocm31452077
040   $aFLL$cFLL
043   $an-us-ct
110 1 $aConnecticut.$bBureau of Highway Planning Studies.
245 10$aLocation study of U.S. route 6 in the Waterbury area$b(supplementary report).
260   $a[Hartford),$bThe Bureau.$c1944.
300   $a10 p.$bmaps.
690  9$aHighways$zUnited States. Conn.$5des
651  0$aUnited States Highway 6$xWaterbury (Conn.)
650  0$aHighway planning$zConnecticut$zWaterbury.
710 1 $aConnecticut.$bBureau of Highway Planning Studies.
988   $a20020608
906   $0MH

