LEADER 00531naa a2200181K  4500
001 003000324-5
005 20020606093309.7
008 930426s1898    xxu           000 0 eng d
035 0 $aocm83008532
040   $aFLL$cFLL
100 1 $aDay, Lewis Foreman,$d1845-1910.
245 14$aThe making of stained glass window.
260   $aLondon, Eng.,$c1898.
300   $app. 421-430.
690  9$aStained glass$xTechnical procedure.$5des
773 0 $aJournal of the Society of Arts, vol. 46:2,366, March 25, 1898.
988   $a20020608
906   $0MH

