LEADER 00553nam a2200193K  4500
001 003000325-3
005 20020606093309.7
008 930426s1946    ctu          s000 0 eng d
035 0 $aocm83281829
040   $aFLL$cFLL
110 1 $aConnecticut.$bBureau of Markets,$epub.
245 10$aConnecticut vegetable industry and its outlook for 1946.
260   $aHartford,$bThe Bureau.$c[1946]
300   $a19 p.$bcharts, tables.
490 0 $aBulletin$vno. 93
500   $aApr. 1946.
690  9$aAgric.$zUnited States. CONN.$5des
988   $a20020608
906   $0MH

