LEADER 00614naa a2200193K  4500
001 003000326-1
005 20020606093309.7
008 930426s1945    xx            000 0 eng d
035 0 $aocm80871236
040   $aFLL$cFLL
110 1 $aColorado.$kLaws, statutes, etc.
245 10$aChapter 228. Slum clearance.$bAn act to provide for rehabilitation of slum and other blighted residence and business areas...
260   $c[1945]
300   $app. 617-623.
690  9$aSlum clearance$xLegis.$5des
690  9$aRehab.$xLegis.$5des
690  9$aUrban redev. corps.$zUnited States. Colo.$5des
988   $a20020608
906   $0MH

