LEADER 00481nam a2200169K  4500
001 003000327-X
005 20020606093309.7
008 930426s1946    cou           000 0 eng d
035 0 $aocm83219214
040   $aFLL$cFLL
110 1 $aColorado.$bState Highway Department.
245 10$aColorful Colorado [and map of state highway system].
260   $aDenver,$bThe Dept.$c1946.
300   $a1 p. (folded)$bphotos, map.
691  9$aColorado$xDescription.$5des
988   $a20020608
906   $0MH

