LEADER 00703nam a2200193K  4500
001 003000328-8
005 20020606093309.7
008 930426s1931    ctu          s000 0 eng d
035 0 $aocm40204665
040   $aFLL$cFLL
110 1 $aConnecticut.$bBureau of Roadside Development.
245 10$aFour years along Connecticut highways.$bThe story of the operation of the Bureau of Roadside Development of the Connecticut Highway Department.
260   $aHartford, Conn.,$bThe Bureau,$c[1931].
300   $a28 p.$bphotos.$c25 cm.
690  9$aRoadside improvement$zUnited States. Conn.$5des
690  9$aRoadside planting$zUnited States. Conn.$5des
700 1 $aKeith, Luther M.
988   $a20020608
906   $0MH

