LEADER 00373nam a22001335  4500
001 003000329-6
005 20020606093309.7
008 880629s1926    |||||||      |||||||eng d
035 0 $aocm00854920
100 1 $aEarp, John Rosslyn,$d1891-
245 14$aThe student who smokes :$ban original statistical investigation.
260   $aYellow Springs, Ohio,$c1926.
988   $a20020608
906   $0MH

