LEADER 00456naa a2200145K  4500
001 003000330-X
005 20020606093309.7
008 930426s1936    xxu           000 0 eng d
035 0 $aocm83704775
040   $aFLL$cFLL
100 1 $aDay, Willard.
245 10$aState planning progress: Virginia;$bchairman's introduction.
773 0 $aAmerican Society of Planning Officials. Planning for city, state, region and nation, [1936], pp. 95-96.
988   $a20020608
906   $0MH

