LEADER 00678nam a2200193K  4500
001 003000331-8
005 20020606093309.7
008 930426s1950    cou           000 0 eng d
035 0 $aocm84939141
040   $aFLL$cFLL
110 1 $aColorado.$bState Highway Department.$bPlanning and Research Division.
245 10$aHighway sufficiency rating study, 1950.$cPrepared in cooperation with U.S. Bureau of Public Roads.
260   $a[Denver],$bThe Dept.$c1950.
300   $a1 v. (unpaged)$bmaps, charts, tables.
690  9$aHighways$xStandards.$5des
690  9$aHighways$zUnited States. Colo.$5des
710 1 $aUnited States.$bBureau of Public Roads.
988   $a20020608
906   $0MH

