LEADER 00582nam a2200181K  4500
001 003000332-6
005 20020606093309.7
008 930426s1949    cou           000 0 eng d
035 0 $aocm80479371
040   $aFLL$cFLL
110 1 $aColorado.$bState Planning Commission.
245 14$aThe building programs of the state institutions of Colorado.
260   $aDenver,$bThe Commission.$c1949.
300   $a1 v. (various paging)$bmap, chart, tables.
690  9$aState plng.$zUnited States. Colo.$5des
690  9$aPublic buildings$zUnited States. Colo.$5des
988   $a20020608
906   $0MH

