LEADER 00614nam a2200193K  4500
001 003000333-4
005 20020606093309.7
008 930426s1945    cou           000 0 eng d
035 0 $aocm83846872
040   $aFLL$cFLL
110 1 $aColorado.$bState Planning Commission.
245 14$aThe ten-year building program, 1937-1947 of the state institutions of Colorado,$nvol. 1.
260   $a[Denver],$bThe Commission.$c[1945]
300   $a20 p.$btables.
500   $aJan. 1945.
690  9$aPublic buildings$zUnited States. Colo.$5des
690  9$aWelfare inst.$zUnited States. Colo.$5des
988   $a20020608
906   $0MH

