LEADER 00585nam a2200169K  4500
001 003000334-2
005 20020606093309.7
008 930426s1951    pau           000 0 eng d
035 0 $aocm83083656
040   $aFLL$cFLL
110 2 $aDay & Zimmermann.
245 10$aReport no. 5218 on facilities, service, earnings and expenses of the Youngstown Municipal Railway Company to the City of Youngstown Ohio.
260   $aPhiladelphia,$bThe Author,$c1951.
300   $a48+ p.,$bcharts, tables,$c28 cm.
690  9$aRapid transit$zUnited States. Youngstown, Ohio.$5des
988   $a20020608
906   $0MH

