LEADER 00840naa a2200229K  4500
001 003000335-0
005 20020606093309.7
008 930426s1925    xxu           000 0 eng d
035 0 $aocm84573270
040   $aFLL$cFLL
100 1 $aChamberlain, Allen.
245 10$aTwenty million dollars for two national parks...;$bone park for North Carolina and Tennessee; other for Virginia...
260   $c[1925]
300   $bPhotos, maps.
500   $aDec. 19, 1925.
690  9$aParks, National$zUnited States. Great Smoky Mountains National Pk.$5des
690  9$aParks, National$zUnited States. Shenandoah National Park, Va.$5des
710 2 $aGreat Smoky Mountains National Park (Agency : U.S.)
710 1 $aShenandoah National Park (Va.)
773 0 $aBoston evening transcript. Dec. 19, 1925. pp. 3, part 4.
988   $a20020608
906   $0MH

