LEADER 00673nam a2200193K  4500
001 003000336-9
005 20020606093309.7
008 930426m19591964cou           000 0 eng d
035 0 $aocm80479375
040   $aFLL$cFLL
110 1 $aColorado.$bState Planning Division.
245 10$aBuilding programs of Colorado's state colleges, institutions and state departments:$breport.
260   $aDenver, Colo.,$c1959-1964.
300   $a6 v. in 1.$bdiagrs., maps, tables.$c28 cm.
500   $aNo longer published.
690  9$aPublic buildings$zUnited States. Colorado.$5des
690  9$aUniversity and college buildings$zUnited States. Colorado.$5des
988   $a20020608
906   $0MH

