LEADER 00627nam a22002291  4500
001 003000338-5
005 20020606093309.7
008 731212s1966    enkac    b    000 0 eng  
010   $a   66024540 
015   $aB66-23330
035 0 $aocm00514227
040   $aDLC$cDLC$dm/c$dFLL
050 0 $aNC997$b.G32 1966
082   $a659.13
100 1 $aGarland, Ken.
245 10$aGraphics handbook.
260   $aLondon,$bStudio Vista;$aNew York,$bReinhold$c[1966]
300   $a96 p.$bfront. (port.), illus., tables, diagrs.$c20 cm.
504   $aBibliography: p. 92-95.
650  0$aCommercial art.
988   $a20020608
906   $0DLC

