LEADER 00617nam a2200181K  4500
001 003000339-3
005 20020606093309.7
008 930426s1966    cou           000 0 eng d
035 0 $aocm84316707
040   $aFLL$cFLL
110 1 $aUniversity of Colorado (Boulder.$bEarth Science Curriculum Project.
245 10$a[Newsletter, April, 1966,$nno. 11$band other information on Earth Science Curriculum Project].
260   $aBoulder, Colo.$c1966.
300   $a1 v. (var. pgs.)$billus., diagrs.
690  9$aGeology$xStudy and teaching.$5des
690  9$aGround forms$xStudy and teaching.$5des
988   $a20020608
906   $0MH

