LEADER 00676nam a2200181K  4500
001 003000340-7
005 20020606093309.7
008 930426s1929    nyu           000 0 eng d
035 0 $aocn188458032
040   $aFLL$cFLL
110 2 $aDay & Zimmermann.
245 10$aReport to the Honorable James J. Walker, Mayor, on highway traffic conditions and proposed traffic relief measures for the city of New York.
260   $aN.Y.,$bDay & Zimmerman,$c1929.
300   $a201 p.$bphotos., maps (pt. fold.), charts, tables,$c31 cm.
690  9$aStreet traffic$zUnited States. New York City.$5des
690  9$aCity planning$zUnited States. New York City.$5des
988   $a20020608
906   $0MH

