LEADER 00500nam a2200193K  4500
001 003000341-5
005 20020606093309.7
008 930426r1919    xx            000 0 eng d
035 0 $aocm82578149
040   $aFLL$cFLL
100 1 $aChamberlain, Allen.
245 12$aA wilderness of mere trees.
260   $c[1919]
300   $a[1] p.$bPhotos, diagrs.
500   $aApr. 16, 1919.
500   $aReprint from Boston evening transcript.
690  9$aForests & forestry.$5des
988   $a20020608
906   $0MH

