LEADER 00441nam a2200157K  4500
001 003000342-3
005 20020606093309.7
008 930426s1911    enk           000 0 eng d
035 0 $aocm78719457
040   $aFLL$cFLL
245 04$a(A) Day in the Peak;$ban illustrated handbook to Bakewell Church, Haddon Hall and Chatsworth.
250   $a7th ed.
260   $aLond.$bSimpkin,$c1911.
300   $a107 p.$billus.$c20 cm.
988   $a20020608
906   $0MH

