LEADER 00434nam a2200157K  4500
001 003000343-1
005 20020606093309.7
008 930426n        cou           000 0 eng d
035 0 $aocm79074404
040   $aFLL$cFLL
110 1 $aUniversity of Colorado (Boulder).$bUniversity Extension Division.
245 10$a[List of Colorado auto tourist camps.]
300   $a1 v. (unpaged)
690  9$aCamps, Tourist.$5des
988   $a20020608
906   $0MH

