LEADER 00540nam a2200193K  4500
001 003000344-X
005 20020606093309.7
008 930426r1885    xx            000 0 eng d
035 0 $aocm82440550
040   $aFLL$cFLL
100 1 $aChamberlain, E. G.
245 10$aAltitudes in Massachusetts, read Mar. 11, 1885.
260   $c[1885]
300   $ap. 132-145.
500   $aReprinted from Appalachia, vol. IV, no. II.
690  9$aAltitutdes$zUnited States. Mass.$5des
690  9$aSurveying, Topographical.$5des
988   $a20020608
906   $0MH

