LEADER 01257nam a2200301   4500
001 003000345-8
005 20120612005900.0
008 721213s1959    xx            100 0 eng u
010   $a   59008090 
035 0 $aocm00514235
040   $cCSU$dHMG
043   $an-us---$aa------
050   $aHF3119$b.C57 1958
082   $a382.095073
111 2 $aConference on American Trade with Asia and the Far East$d(1958 :$cMarquette University)
245 10$aAmerican trade with Asia and the Far East.$cRobert J. Barr, editor.
260   $aMilwaukee,$bMarquette University Press,,$c1959.
300   $axix,317p.$billus.$c24cm.
490 0 $aMarquette Asian studies,$v1
504   $aIncludes bibliographical references.
651  0$aUnited States$xCommerce$zAsia$vCongresses.
651  0$aAsia$xCommerce$zUnited States$vCongresses.
655  7$aConference proceedings.$2fast
700 1 $aBarr, Robert J.$q(Robert Jacob),$d1901-$eed.
776 08$iOnline version:$aConference on American Trade with Asia and the Far East, Marquette University (1958)$tAmerican trade with Asia and the Far East.$dMilwaukee, Marquette University Press, 1959$w(OCoLC)614407408
700 1 $aBarr, Robert J.$q(Robert Jacob),$d1901-$eeditor.
988   $a20020608
906   $0MH

