LEADER 00480nam a2200169K  4500
001 003000346-6
005 20020606093309.7
008 930426s1937    cou           000 0 eng d
035 0 $aocm83068405
040   $aFLL$cFLL
245 00$aColorado municipalities;$bthe city officials' magazine; zoning number, vol. 13:8.
260   $aBoulder, Colo.,$bColorado Municipal League.$c[1937]
300   $app. 219-231.
500   $aAug. 1937.
690  9$aZoning.$5des
988   $a20020608
906   $0MH

