LEADER 00607nam a2200205K  4500
001 003000347-4
005 20020606093309.7
008 930426s1969    nyu           000 0 eng d
035 0 $aocm00006776
035 0 $aocm81795282
040   $aFLL$cFLL
100 1 $aDaykin, Len,$eed.
245 10$aProgressive Grocer's outstanding new super markets.
246 3 $aOutstanding new super markets.
260   $aNew York, N.Y.,$bProgressive Grocer Magazine,$c1969.
300   $a230 p.$billus., plans,$c29 cm.
690  9$aRetail trade.$5des
690  9$aStores, Food$zUnited States.$5des
988   $a20020608
906   $0MH

