LEADER 00486nam a2200181K  4500
001 003000348-2
005 20020606093309.7
008 930426s1949    cou           000 0 eng d
035 0 $aocm79338905
040   $aFLL$cFLL
110 2 $aColorado Resources Development Council.
245 10$aNewsletter,$nvol. 1:1.
260   $aDenver,$bThe Council.$c[1949]
300   $a[8] p.$bsketches.
500   $aAug. 1949.
690  9$aState plng.$zUnited States. Colo.$5des
988   $a20020608
906   $0MH

