LEADER 00531naa a2200193K  4500
001 003000349-0
005 20020606093309.7
008 930426s1924    xxu           000 0 eng d
035 0 $aocm78766417
040   $aFLL$cFLL
100 1 $aChamberlain, J. P.
245 10$aCurrent legislation:$bzoning laws and ordinances.
260   $c[1924]
500   $aMar. 1924.
690  9$aZoning$xLegislation.$5des
700 1 $aPierson, Sterling.
773 0 $aAmerican Bar Association journal. Mar. 1924. pp. 185-187.
988   $a20020608
906   $0MH

