LEADER 00475naa a2200169K  4500
001 003000350-4
005 20020606093309.7
008 930426n        xxu           000 0 eng d
035 0 $aocm80821736
040   $aFLL$cFLL
100 1 $aChamberlain, J. P.
245 10$aZoning laws and ordinances.
690  9$aZoning$xLegislation.$5des
700 1 $aPierson, Sterling.
773 0 $aAmerican Bar Association Journal, March 1924, vol. 10:3. p.185-187, 30cm.
988   $a20020608
906   $0MH

