LEADER 00459naa a2200169K  4500
001 003000351-2
005 20020606093309.7
008 930426s1929    xxu           000 0 eng d
035 0 $aocm77319134
040   $aFLL$cFLL
100 1 $aChamberlain, Joseph P.
245 10$aZoning progress.
690  9$aZoning$zUnited States.$5des
690  9$aZoning$xLegislation.$5des
773 0 $aAmerican Bar Association journal, Sept. 1929. 5p. 31cm.
988   $a20020608
906   $0MH

