LEADER 00631nam a2200217K  4500
001 003000352-0
005 20020606093309.7
008 930426s1965    fr            000 0 fre d
035 0 $aocn188458069
040   $aFLL$cFLL
100 1 $aDayre, Jean.
245 10$aDu village à la cité.
260   $aParis,$b"Expansion Régionale", C.N.E.R.,$c1965.
300   $a95 p.$bmaps, diagrs., tables.
500   $aSupplement to no. 37 of Expansion Regionale.
690  9$aCity planning$zFrance.$5des
690  9$aCities$xGrowth.$5des
690  9$aRural planning$zFrance.$5des
690  9$aCities, New.$5des
988   $a20020608
906   $0MH

