LEADER 00726nam a2200193K  4500
001 003000353-9
005 20020606093309.7
008 930426s1934    ctu          s000 0 eng d
035 0 $aocm49230600
035 0 $aocm80606194
040   $aFLL$cFLL
110 1 $aConnecticut.$bBureau of Roadside Development.
245 10$aSeven years along the Connecticut highways, 1927-1934;$bthe story of the operation of the Bureau of Roadside Development of the Connecticut Highway Department.
260   $aHartford, Conn.,$bThe Bureau,$c1934.
300   $a40 p.$bphotos.$c25 cm.
690  9$aRoadside improvement$zUnited States. Connecticut.$5des
690  9$aRoadside planting$zUnited States. Connecticut.$5des
988   $a20020608
906   $0MH

