LEADER 00847nam a2200265K  4500
001 003000354-7
005 20020606093309.7
008 930426s1943    nju           000 0 eng d
035 0 $aocm39035787
040   $aFLL$cFLL
043   $ae------
050  4$aNA105$bC355i
100 1 $aChamberlain, Samuel,$d1895-1975.
245 10$aI shall arise.
260   $aJersey City, N.J.,$bSchool Bureau, Pencil Sales Dept., Joseph Dixon Crucible Co.,$c[1943].
300   $a[12] p.$bsketches,$c30cm.
500   $aSketches of buildings demolished in the war.
690  9$aDrawing, Pencil.$5des
650  0$aArchitecture$xConservation and restoration$zEurope.
650  0$aWorld War, 1939-1945$xAerial operations.
650  0$aPencil drawing.
651  0$aEurope$vPictorial works.
655  7$aPictorial works.$2fast
988   $a20020608
906   $0MH

