LEADER 00716nam a2200205K  4500
001 003000355-5
005 20020606093309.7
008 930426s1962    ctu           000 0 eng d
035 0 $aocm84572722
040   $aFLL$cFLL
110 1 $aConnecticut.$bCapitol Region Planning Agency.
245 10$aGeneral comments on regional plan alternatives;$ba report to Court of Common Council.
260   $aHartford, Conn.,$bCommission on the City Plan.$c[1962]
300   $a16 p.
500   $aFeb. 6, 1962.
690  9$aCity planning$zUnited States. Hartford, Conn.$5des
690  9$aCities, Capital$zUnited States. Hartford, Conn.$5des
710 1 $aHartford (Conn.).$bCommission on the City Plan.
988   $a20020608
906   $0MH

