LEADER 00635nam a2200193K  4500
001 003000356-3
005 20020606093309.7
008 930426s1945    enk           000 0 eng d
035 0 $aocm83219216
040   $aFLL$cFLL
100 1 $aDaysh, G. H. J.
245 10$aMemorandum on Cumberland with special reference to the development area.
260   $aWhitehaven,$bThe Cumberland Development Council.$c1945.
300   $a[11] p.
690  9$aRegional planning$zGreat Britain. Cumberland, England.$5des
690  9$aIndustries$zGreat Britain. Cumberland, Eng.$5des
710 2 $aCumberland Development Council.
988   $a20020608
906   $0MH

