LEADER 00642nam a2200205K  4500
001 003000357-1
005 20020606093309.7
008 930426s1964    xx           s000 0 eng d
035 0 $aocm82564696
040   $aFLL$cFLL
110 1 $aConnecticut.$bCapitol Region Planning Agency.
245 10$aProposed plan for the capitol region.$nPart I -$pGeneral land use.
260   $bThe agency.$c[1964]
300   $a30 p.$bmaps, charts, tables.
490 0 $aConn$vP-27
500   $aFeb. 1964.
690  9$aMet. dists.$zUnited States. Hartford, Conn.$5des
690  9$aRegional planning$zUnited States. Connecticut.$5des
988   $a20020608
906   $0MH

