LEADER 00515nam a2200169K  4500
001 003000358-X
005 20020606093309.7
008 930426q19001930xx            000 0 eng d
035 0 $aocm79340564
040   $aFLL$cFLL
100 1 $aChamberlain, Samuel,$d1895-1975.
245 12$aA technology portfolio;$beight sketches of the Massachusetts Institute of Technology.
260   $c[Prior to 1930]
300   $a8 plates.$bsketches.
610 20$aMassachusetts Institute of Technology$xBuildings.
988   $a20020608
906   $0MH

