LEADER 00636nam a2200205K  4500
001 003000361-X
005 20020606093309.7
008 930426s1961    ctu          s000 0 eng d
035 0 $aocm63879791
035 0 $aocm83301224
040   $aFLL$cFLL
110 1 $aConnecticut.$bCapitol Region Planning Agency.
245 10$aRegional plan of development;$balternatives.
260   $aEast Hartford, Conn.,$bThe Agency.$c[1961]
300   $a32 p.$bmaps, tables.
500   $aNov. 1961.
690  9$aMet. dists.$zUnited States. Hartford, Conn.$5des
690  9$aRegional planning$zUnited States. Connecticut.$5des
988   $a20020608
906   $0MH

