LEADER 00556nam a2200169K  4500
001 003000362-8
005 20020606093309.7
008 930426s1950    ctu          s000 0 eng d
035 0 $aocm83847785
040   $aFLL$cFLL
110 1 $aConnecticut.$bCitizens' Committee on State Government.
245 10$aBlueprinting a better Connecticut:$bthe men, the method. Your family shares the cost.
260   $aHartford,$bThe Committee.$c[1950]
300   $a2 pamphlets bound together.$bphotos, sketches.
691  9$aConn.$xDescription.$5des
988   $a20020608
906   $0MH

