LEADER 00429naa a2200145K  4500
001 003000363-6
005 20020606093309.7
008 930426s1955    xxu           000 0 eng d
035 0 $aocm79281023
040   $aFLL$cFLL
100 1 $aChamberlain, Sidney James.
245 10$aHigh buildings-the traffic and parking problems.
773 0 $aKadleigh, Sergei, and others, Symposium on high buildings, 1955, p.270-275.
988   $a20020608
906   $0MH

