LEADER 00682nam a2200205K  4500
001 003000364-4
005 20020606093309.7
008 930426s1966    ctu          s000 0 eng d
035 0 $aocn188458107
040   $aFLL$cFLL
110 1 $aConnecticut.$bClean Water Task Force.
245 10$aClean water for Connecticut;$ban action program.
260   $aHartford,$bConn. Dept. of Agriculture and Natural Resources,$c[1966]
300   $a128 p.$bdiagrs., tables.
500   $aMay 1966.
690  9$aWater supply$zUnited States. Connecticut.$5des
690  9$aSanitary engineering$zUnited States. Conn.$5des
690  9$aWater poll$zUnited States. Conn.$5des
988   $a20020608
906   $0MH

