LEADER 00608nam a2200181K  4500
001 003000365-2
005 20020606093309.7
008 930426s1958    ctu          s000 0 eng d
035 0 $aocm79281070
040   $aFLL$cFLL
110 1 $aConnecticut.$bCommission on Services for Elderly Persons.
245 10$aSuggested criteria of design standards for state-aided housing projects for elderly persons.
260   $aHartford, Conn.,$bThe Commission.$c1958.
300   $a8 p.
690  9$aHousing for the aged$zUnited States. Conn.$5des
690  9$aHousing for the aged$xStandards.$5des
988   $a20020608
906   $0MH

