LEADER 00490nam a2200181K  4500
001 003000366-0
005 20020606093309.7
008 930426s1950    ctu          s000 0 eng d
035 0 $aocm06923190
035 0 $aocm44463360
040   $aFLL$cFLL
110 1 $aConnecticut.$bCommission on State Government Organization.
245 14$aThe report.
260   $a[Hartford],$bThe Commission.$c1950.
300   $a154 p.
690  9$aState govt.$zUnited States. Conn.$5des
988   $a20020608
906   $0MH

