LEADER 00529nam a2200169K  4500
001 003000367-9
005 20020606093309.7
008 930426s1968    ctu           000 0 eng d
035 0 $aocm80872057
040   $aFLL$cFLL
110 2 $aConnecticut Commission on the Arts.
245 10$aProject 4: 300 years of Connecticut architecture,$bexhibition, book, and film draft proposal.
260   $aHartford, Conn.,$c1968?
300   $a1 v. (var. pag.)$bcharts.
690  9$aArchitecture$zUnited States. Conn.$5des
988   $a20020608
906   $0MH

