LEADER 00708nam a2200193K  4500
001 003000368-7
005 20020606093309.7
008 930426s1947    ohu          l000 0 eng d
035 0 $aocm77607218
040   $aFLL$cFLL
110 1 $aDayton (Ohio).$bCity Commission.
245 10$aOff-street parking, a review of the various approaches to the parking problem and their possible applications to Dayton.
260   $aDayton, Ohio,$bThe Commission,$c[1947].
300   $a19 p.,$bmaps (folded), tables (part folded), chart (folded),$c29 cm.
500   $aCity Plan Board, joint author.
690  9$aAuto. pkg.$zUnited States. Dayton.$5des
710 1 $aDayton (Ohio).$bCity Plan Board.
988   $a20020608
906   $0MH

