LEADER 00672nam a2200205K  4500
001 003000369-5
005 20020606093309.7
008 930426s1963    enk           000 0 eng d
035 0 $aocm78391821
040   $aFLL$cFLL
100 1 $aChambers, J. H.
245 10$aWholesale markets for horticultural produced in cities and towns.
260   $aLondon,$bHorticultural Marketing Council.$c1963.
300   $app. 74.$bmaps, plans, sketches, diagrs., cross-sections, tables.
690  9$aHorticulture$xEcon. consid.$5des
690  9$aMarketing.$5des
690  9$aMarkets, Flower$zGreat Britain.$5des
710 2 $aHorticultural Marketing Council.
988   $a20020608
906   $0MH

