LEADER 00768nam a2200217K  4500
001 003000370-9
005 20020606093309.7
008 930426s1967    xx            000 0 eng d
035 0 $aocm80992429
040   $aFLL$cFLL
110 1 $aConnecticut.$bCommission to Study the Necessity and Feasibility of Metropolitan Government.
245 14$aThe state's biggest business - local and regional problems,$bpolicy papers.
260   $a[n.p.]$c1967.
300   $a2 v.$billus., tables.$c23 cm.
690  9$aMet. dists.$zUnited States. Conn.$5des
690  9$aMet. dists.$xAdministration.$5des
690  9$aMunic govt.$zUnited States. Conn.$5des
690  9$aMunic govt.$xEssays.$5des
690  9$aRegional planning$zUnited States. Conn.$5des
988   $a20020608
906   $0MH

