LEADER 00507naa a2200133K  4500
001 003000371-7
005 20080513090935.0
008 930426s1926    xxu           001 0 eng d
040   $aFLL$cFLL
100 1 $aChambers, Theodore,$cSir.
245 10$aObstacles in the way of town and regional planning.
500   $aIN: International Garden Cities and Town Planning Federation. Papers: report of Congress at Vienna, 1926, vol.1, p.69-77; summary in English French,&German with discussion, vol.3.
988   $a20020608
906   $0MH

