LEADER 00408naa a2200133K  4500
001 003000372-5
005 20080513092336.0
008 930426suuuu    xx            001 0 eng d
040   $aFLL$cFLL
100 1 $aChambers, Theodore,$cSir.
245 14$aThe town and agriculture...surrounded by a permanent belt of rural land.
500   $aIN: Purdom, C.B., ed. Town theory and practice, p. 103-117.
988   $a20020608
906   $0MH

