LEADER 00723nam a2200217K  4500
001 003000373-3
005 20020606093309.7
008 930426s1931    ohu          l000 0 eng d
035 0 $aocm81991052
040   $aFLL$cFLL
110 1 $aDayton (Ohio).$bCity Plan Board.
245 10$aBuilding envelopes, illustrating application of proposed height regulations for downtown business district.
260   $aDayton, Ohio,$bThe Board.$c[1931]
300   $a[1 sheet]$bdiagrs.
500   $aFeb. 1931.
500   $aL. Segoe, consulting engineer and city planner.
690  9$aCity planning$zUnited States. Dayton, Ohio.$5des
690  9$aBuildings$xHeight.$5des
700 1 $aSegoe, L.,$econsultant.
988   $a20020608
906   $0MH

