LEADER 00667nam a2200217K  4500
001 003000374-1
005 20020606093309.7
008 930426s1932    enk           000 0 eng d
035 0 $aocm81630882
040   $aFLL$cFLL
100 1 $aChubb, Lawrence Wensley,$cSir.
245 14$aThe maintenance of public footpaths.
260   $aLondon,$bCommons, Open Spaces and Footpaths Preservation Society,$c[1932].
300   $a20 p.$c25 cm.
690  9$aFootways.$5des
690  9$aLandscape preservation.$5des
690  9$aStreets$xLegislation.$5des
700 1 $aGlen, Randolph Alexander,$d1875-1934.
710 2 $aCommons, O.S. and F.P. Soc.
988   $a20020608
906   $0MH

