LEADER 00427naa a2200133K  4500
001 003000375-X
005 20080513092422.0
008 930426s1944    xx            001 0 eng d
040   $aFLL$cFLL
100 1 $aChambers, Walter L.
245 10$aGarage turn and parking space:$byour car and a few angles on its space requirements.
500   $aIN: Landscape architecture, Apr. 1944, vol. 34:3, p. 90-92; with diagrs.
988   $a20020608
906   $0MH

