LEADER 00574nam a2200181K  4500
001 003000376-8
005 20020606093309.7
008 930426s1953    ohu          l000 0 eng d
035 0 $aocm79074413
040   $aFLL$cFLL
110 1 $aDayton (Ohio).$bCity Plan Board.
245 10$aCentral business district study,$npart one;$bredevelopment.
260   $aDayton, Ohio,$bThe Board.$c1953.
300   $a8 p.$bmaps, plans.
690  9$aDistricts, Business$zUnited States. Dayton, Ohio.$5des
690  9$aCity planning$zUnited States. Dayton, Ohio.$5des
988   $a20020608
906   $0MH

