LEADER 00741nam a2200205K  4500
001 003000377-6
005 20020606093309.7
008 930426s1951    ctu          s000 0 eng d
035 0 $aocm82578153
040   $aFLL$cFLL
110 1 $aConnecticut.$bCommittee on Community Adjustment Problems.
245 10$aReport: collateral problems likely to result from location of a steel mill in Connecticut.
260   $a[Hartford, Conn.,$bThe Committee],$c[1951]
300   $a62 p. + [7] p.$bmaps (part col., 1 fold.), charts, tables.$c28 cm.
500   $aApril 27, 1951.
500   $aCover title.
690  9$aIndustries, Location of$zUnited States. Conn.$5des
690  9$aIndustries, Steel$zUnited States. Conn.$5des
988   $a20020608
906   $0MH

