LEADER 00694nam a2200205K  4500
001 003000378-4
005 20020606093309.7
008 930426s1959    ctu          s000 0 eng d
035 0 $aocm84217968
040   $aFLL$cFLL
110 1 $aConnecticut.$bDepartment of Aeronautics.
245 10$aConnecticut laws and regulations governing aeronautics.$bA Golden Anniversary, 1911-1961.
260   $aHartford, Conn.,$bThe Dept.$c1959.
300   $a43 p.$btables.
690  9$aAirports$xLegislation.$5des
690  9$aAirports$zUnited States. Conn.$5des
690  9$aTransportation, Aerial$xLegislation.$5des
690  9$aTransportation, Aerial$zUnited States. Conn.$5des
988   $a20020608
906   $0MH

