LEADER 00408naa a2200145K  4500
001 003000379-2
005 20020606093309.7
008 930426s1924    xxu           000 0 eng d
035 0 $aocm79651548
040   $aFLL$cFLL
100 1 $aChubb, Lawrence W.
245 10$aReservation of lands, open spaces, etc.
773 0 $aJournal of the Town Planning Institute, June 1924, vol. 10, p. 207-213.
988   $a20020608
906   $0MH

