LEADER 00653nam a2200193K  4500
001 003000380-6
005 20020606093309.7
008 930426s1959    ohu          l000 0 eng d
035 0 $aocm81054423
040   $aFLL$cFLL
110 1 $aDayton (Ohio).$bCity Plan Board.
245 10$aCentral business district study,$npart two,$bland use and space use.
260   $aDayton, Ohio,$bThe Board.$c1959.
300   $a48 p.$bmaps, charts, tables.
690  9$aDistricts, Business$zUnited States. Dayton, Ohio.$5des
690  9$aCity planning$zUnited States. Dayton, Ohio.$5des
690  9$aLand use$zUnited States. Dayton, Ohio.$5des
988   $a20020608
906   $0MH

