LEADER 00681nam a2200193K  4500
001 003000381-4
005 20020606093309.7
008 930426s1956    ctu          s000 0 eng d
035 0 $aocm83327729
040   $aFLL$cFLL
110 1 $aConnecticut.$bDepartment of Aeronautics.
245 10$aMaster plan, Brainard Field, Hartford, Conn.$cprepared by the Dept. and U.S. Civil Aeronautics Administration.
260   $aHartford,$bThe Dept.$c[1956]
300   $a1 folded p.$bplans.
690  9$aAirports$zUnited States. Hartford, Conn.$5des
690  9$aWinds$zUnited States. Hartford, Conn.$5des
710 1 $aUnited States.$bCivil Aeronautics Administration.
988   $a20020608
906   $0MH

