LEADER 01137nam a2200277K  4500
001 003000382-2
005 20020606093309.7
008 930426s1968    ctu          s000 0 eng d
035 0 $aocm66908118
040   $aFLL$cFLL
043   $an-us-ct
050 14$aGV191.42.C8$bC66 1968
110 1 $aConnecticut.$bDepartment of Agriculture and Natural Resources.
245 10$aConnecticut comprehensive statewide outdoor recreation plan,$b1968 supplement.
246 30$a1968 supplement
260   $a[Hartford, Conn.],$c1968.
300   $a34 p.$bmaps, tables.
690  9$aRecreation, Outdoor$zUnited States. Connecticut.$5des
690  9$aState planning$zUnited States. Connecticut.$5des
650  0$aOutdoor recreation$zConnecticut$xPlanning.
650  0$aRecreation areas$zConnecticut$xPlanning.
710 2 $aLand and Water Conservation Fund Grant Assistance Program (U.S.)
710 1 $aUnited States.$bBureau of Outdoor Recreation.
787 18$aConnecticut. Department of Agricultural and Natural Resources.$tConnecticut comprehensive statewide outdoor recreation plan, 1965-1970$w(OCoLC)1526167
988   $a20020608
906   $0MH

