LEADER 00574nam a2200181K  4500
001 003000383-0
005 20020606093309.7
008 930426s1961    ctu          s000 0 eng d
035 0 $aocm77626056
040   $aFLL$cFLL
110 1 $aConnecticut.$bDepartment of Agriculture and Natural Resources.
245 12$aA local conservation commission for your community.
260   $aHartford, Conn.,$bThe Dept.$c[1961?]
300   $a5 p.$bphotos.
690  9$aNatural resources$xConservation.$5des
690  9$aNatural resources$zUnited States. Conn.$5des
988   $a20020608
906   $0MH

