LEADER 00562naa a2200217K  4500
001 003000384-9
005 20080513092528.0
008 930426s1930    xxu           001 0 eng d
035 0 $aocn232009531
040   $aFLL$cFLL
100 1 $aChambers, William T.
245 10$aLife in a cotton farming community.
260   $c[1930]
300   $bPhotos.
500   $aApr. 1930.
500   $aIN: Journal of geography. Apr. 1930. pp. 141-147.
690  9$aFarms.$5des
690  9$aRural planning.$5des
690  9$aCities, Prairie.$5des
988   $a20020608
906   $0MH

