LEADER 00707nam a2200229K  4500
001 003000385-7
005 20020606093309.7
008 930426s1974    ctu          s000 0 eng d
035 0 $aocm01820332
035 0 $aocm78199315
040   $aFLL$cFLL
110 1 $aConnecticut.$bDepartment of Community Affairs.
245 10$aCapital improvements program, 1974-1979;$btown of Trumbull.
260   $aHartford, Conn.,$c1974.
300   $a146 p.$bdiagrs., tables.$c28 cm.
490 0 $aHUD
500   $aEdmond Fidrych, planner.
690  9$aBudgets$zUnited States. Trumbull, Conn.$5des
690  9$aCity planning$zUnited States. Trumbull, Conn.$5des
700 1 $aFidrych, Edmond.
988   $a20020608
906   $0MH

