LEADER 00673nam a2200217K  4500
001 003000386-5
005 20020606093309.7
008 930426s1973    ctu          s000 0 eng d
035 0 $aocm01831417
035 0 $aocm84569845
040   $aFLL$cFLL
110 1 $aConnecticut.$bDepartment of Community Affairs.
245 10$aCapital improvements program, 1974-1979;$btown of Watertown.
260   $aHartford, Conn.,$c1973.
300   $a73 p.$bdiagrs., tables.$c28 cm.
490 0 $aHUD
690  9$aBudgets$zUnited States. Watertown, Conn.$5des
690  9$aCity planning$zUnited States. Watertown, Conn.$5des
691  9$aWatertown, Conn.$5des
988   $a20020608
906   $0MH

