LEADER 00522nam a2200181K  4500
001 003000387-3
005 20030123131050.0
008 930426s1930    ohu          l000 0 eng d
035 0 $aocm79058020
040   $aFLL$cFLL
110 1 $aDayton, O.$bCity plan board.
245 10$aDayton and its city plan.
260   $aDayton, O.,$bThe Board.$c1930.
300   $a24 p.$bplans.
500   $aL. Segoe, consulting engineer and city planner.
690  9$aCity planning$zUnited States. Dayton, Ohio.$5des
988   $a20020608
906   $0MH

