LEADER 00664nam a2200205K  4500
001 003000388-1
005 20020606093309.7
008 930426s1973    ctu          s000 0 eng d
035 0 $aocm77835947
040   $aFLL$cFLL
110 1 $aConnecticut.$bDepartment of Community Affairs.
245 10$aConstruction activity authorized by building permits:$bannual summary, 1972;$cprepared by: Mary Louise Johnson and Thomas E. Skarupa.
260   $aHartford, Conn.,$c1973.
300   $a12 p.$btables.
490 0 $aHUD
690  9$aHousing$zUnited States. Connecticut.$5des
700 1 $aJohnson, Mary Louise.
700 1 $aSkarupa, Thomas E.
988   $a20020608
906   $0MH

