LEADER 00516nam a2200181K  4500
001 003000392-X
005 20020606093309.7
008 930426s1952    ohu          l000 0 eng d
035 0 $aocm05994642
040   $aFLL$cFLL
110 1 $aDayton (Ohio).$bCity Plan Board.
245 10$aDowntown parking study.
260   $a[Dayton,$bThe Board.]$c[1952]
300   $a[62] p.$bmaps, plans, charts, tables.
500   $aApril 1952.
690  9$aAutomobile parking$zUnited States. Dayton, Ohio.$5des
988   $a20020608
906   $0MH

