LEADER 00745nam a2200217K  4500
001 003000393-8
005 20080513092722.0
008 930426s1959    xx            001 0 eng d
035 0 $aocn232009533
040   $aFLL$cFLL
100 1 $aChambliss, Blake.
245 10$aTemple Reyim, West Newton, Massachusetts,$cby Blake Chambliss and James Van Sickle.
260   $bHarvard University. Dept. of Architecture.$c[1959?]
300   $a16 p.$bPhotos, plans.
500   $aArchitecture 6-3b, Architectural practice.
700 2 $aVan Sickle, James.
710 2 $aArchitects Collaborative, Inc.
710 1 $aWest Newton, Mass.$bTemple Reyim.
710 2 $aHarvard University.$bDepartment of Architecture.$tStudent problems.
988   $a20020608
906   $0MH

