LEADER 00470nam a2200169K  4500
001 003000394-6
005 20020606093309.7
008 930426s1950    ohu           000 0 eng d
035 0 $aocm40315265
040   $aFLL$cFLL
110 1 $aDayton (Ohio).$bCity Plan Board.
245 10$aPlanning in Dayton.
260   $aDayton, Ohio,$c1950.
300   $a16 p.$billus., diagrs., maps, tables.
690  9$aCity planning$zUnited States. Dayton, Ohio.$5des
988   $a20020608
906   $0MH

