LEADER 00516nam a2200181K  4500
001 003000395-4
005 20080513092745.0
008 930426s1928    mou           001 0 eng d
035 0 $aocn232009534
040   $aFLL$cFLL
110 1 $aChampaign (Ill.).$kOrdinances.
245 10$aZoning ordinance.$bPassed 1928.
260   $aSt. Louis, Mo.,$bHarland Bartholomew and Associates.$c1928.
300   $a20 p.$bmaps.
690  9$aZoning$xLegislation.$5des
690  9$aZoning$zChampaign,Ill.$5des
988   $a20020608
906   $0MH

