LEADER 00651nam a2200217K  4500
001 003000396-2
005 20020606093309.7
008 930426s1974    ctu          s000 0 eng d
035 0 $aocm01829135
035 0 $aocm80388289
040   $aFLL$cFLL
110 1 $aConnecticut.$bDepartment of Community Affairs.
245 10$aTown hall renovation study;$btown of Roxbury.
260   $aHartford, Conn.,$c1974.
300   $a10 p.$bfold. plans.$c28 cm.
490 0 $aHUD
690  9$aCity halls$zUnited States. Roxbury, Conn.$5des
690  9$aCity planning$zUnited States. Roxbury, Conn.$5des
691  9$aRoxbury, Conn.$5des
988   $a20020608
906   $0MH

