LEADER 00617nam a2200193K  4500
001 003000397-0
005 20020606093309.7
008 930426s1956    ohu           000 0 eng d
035 0 $aocm77641729
040   $aFLL$cFLL
110 1 $aDayton (Ohio).$bCity Plan Board.
245 10$aPopulation growth 1950-1956, Dayton and Montgomery County.
260   $aDayton, Ohio,$bThe Board.$c1956.
300   $a[8] p.$bmaps, tables.
690  9$aPopulation$xChanges.$5des
690  9$aPopulation$zUnited States. Dayton, Ohio.$5des
690  9$aPopulation$zUnited States. Ohio, Montgomery County.$5des
988   $a20020608
906   $0MH

