LEADER 00646nam a2200217K  4500
001 003000398-9
005 20020606093309.7
008 930426s1974    ctu          s000 0 eng d
035 0 $aocm01829130
035 0 $aocm79281075
040   $aFLL$cFLL
110 1 $aConnecticut.$bDepartment of Community Affairs.
245 10$aTransportation plan;$btown of Roxbury.
260   $aHartford, Conn.,$c1974.
300   $a12 p.$bfold. map.$c28 cm.
490 0 $aHUD
690  9$aTransportation$zUnited States. Roxbury, Conn.$5des
690  9$aCity planning$zUnited States. Roxbury, Conn.$5des
691  9$aRoxbury, Conn.$5des
988   $a20020608
906   $0MH

