LEADER 00610nam a2200181K  4500
001 003000399-7
005 20020606093309.7
008 930426m19321933ctu          s000 0 eng d
035 0 $aocm84254089
040   $aFLL$cFLL
110 1 $aConnecticut.$bDepartment of Motor Vehicles.$bResearch Section.
245 10$aConnecticut motor vehicle statistics for 1931.$bConnecticut motor vehicle statistics for 1932.
260   $aHartford,$bThe Dept.$c1932-33.
300   $a2 pamphlets.$bmaps, diagrs., tables, chart.
440  0$aBulletin$vno. 85, 91
690  9$aStreet traffic accidents.$5des
988   $a20020608
906   $0MH

