LEADER 00577nam a2200193K  4500
001 003000400-4
005 20020606093309.7
008 930426s1945    ohu          l000 0 eng d
035 0 $aocm79011784
040   $aFLL$cFLL
110 1 $aDayton (Ohio).$bCity Plan Board.
245 10$aPreliminary 10-year post-war capital improvement program.
260   $aDayton,$bThe Commission.$c[1945]
300   $a7 p.$btables.
500   $aJune 1945.
690  9$aCity planning$zUnited States. Dayton, Ohio.$5des
690  9$aCity planning$xFinancial consid.$5des
988   $a20020608
906   $0MH

