LEADER 00636nam a2200181K  4500
001 003000401-2
005 20080513092818.0
008 930426s1972    ilu           001 0 eng d
035 0 $aocn232009535
040   $aFLL$cFLL
110 2 $aChampaign County Regional Planning Commission (Champaign County, Ill.)
245 10$aPreliminary future land use distribution plan, Champaign County, Illinois.
260   $aUrbana, Ill.,$c1972.
300   $a11 p.$bmap, tables.
690  9$aCounty planning$zUnited States. Illinois. Champaign County.$5des
690  9$aLand use$zUnited States. Illinois. Champaign County.$5des
988   $a20020608
906   $0MH

