LEADER 00548nam a2200169K  4500
001 003000402-0
005 20020606093309.7
008 930426s1939    ctu          s000 0 eng d
035 0 $aocm80947107
040   $aFLL$cFLL
110 1 $aConnecticut.$bDepartment of Public Works.
245 10$a[Meriden, Conn. Undercliff sanatorium buildings,$bblue prints of details and equipment.
260   $aHartford,$bThe Department,$c1939.]
300   $a51 blue prints in envelope.
690  9$aSanatoriums$zUnited States. Connecticut.$5des
988   $a20020608
906   $0MH

