LEADER 00749nam a2200193K  4500
001 003000403-9
005 20020606093309.7
008 930426s1960    ctu          s000 0 eng d
035 0 $aocm81156182
040   $aFLL$cFLL
110 1 $aConnecticut.$bDepartment of Public Works.
245 10$aPlan of development for Silver Sands State Park at Milford, Connecticut.$cGoodkind & O'Dea, consulting engineers and planners.
260   $a[Hartford?], Conn.,$bThe Dept.$c1960.
300   $a21 p.
690  9$aParks, State$zUnited States. Conn. Silver Sands State Park.$5des
690  9$aWaterfronts, Recreation$zUnited States. Conn. Silver Sands State Park.$5des
710 2 $aGoodkind & O'Dea,$eConsulting engineers and planners.
988   $a20020608
906   $0MH

