LEADER 00674nam a2200193K  4500
001 003000404-7
005 20020606093309.7
008 930426s1974    ctu          s000 0 eng d
035 0 $aocm82241615
040   $aFLL$cFLL
110 1 $aConnecticut.$bDepartment of Transportation.
245 10$aConnecticut master transportation plan 1975.
260   $aWethersfield, Conn.,$c1974.
300   $a1 v. (var. pag.)$bdiagrs., maps (part fold.), tables.$c28 cm.
500   $aIn cooperation with U.S. Federal Highway Administration.
690  9$aTransportation$zUnited States. Connecticut.$5des
710 1 $aUnited States.$bFederal Highway Administration.
988   $a20020608
906   $0MH

