LEADER 00505naa a2200157K  4500
001 003000405-5
005 20020606093309.7
008 930426s1948    xxu           100 0 eng d
035 0 $aocm77802445
040   $aFLL$cFLL
100 1 $aChurchill, Henry S.
245 10$aInfluence of traffic on decentralization of cities.
690  9$aDecentralization, Resid. and indus.$5des
773 0 $aInstitute of Traffic Engineers. 1948 proceedings, 19th annual meeting, 1948, p. 84-88; with photo.
988   $a20020608
906   $0MH

