LEADER 00742nam a2200217K  4500
001 003000406-3
005 20020606093309.7
008 930426s1959    ctu          s000 0 eng d
035 0 $aocn188458239
040   $aFLL$cFLL
043   $an-us-ct
050 14$aT176$b.A38 1959
110 2 $aConnecticut Development Commission.
245 14$aThe advantages of a Connecticut location for industrial research laboratories.
260   $aHartford, Conn.,$bThe Commission.$c[1959]
300   $a45 p.$bmaps, charts, tables.
690  9$aIndustries, Location of$zUnited States. Connecticut.$5des
650  0$aResearch, Industrial$zConnecticut$xLaboratories.
710 2 $aConnecticut Development Commission,$eissuing body.
988   $a20020608
906   $0MH

