LEADER 00704nam a2200193K  4500
001 003000407-1
005 20080513092916.0
008 930426s1938    ilu           001 0 eng d
035 0 $aocm29554974
040   $aFLL$cFLL
110 2 $aChampaign County Regional Planning Commission (Champaign County, Ill.)
245 14$aThe sub-standard housing of Champaign-Urbana, Illinois;$ba preliminary study of housing conditions in the twin cities...
260   $a[Champaign, Ill.],$bThe Commission.$c[1938]
300   $a16 p.$bPhotos, plans, tables.
500   $aAug. 1938.
690  9$aHousing$zUnited States. Champaign,Ill.$5des
690  9$aHousing$zUnited States. Urbana, Ill.$5des
988   $a20020608
906   $0MH

