LEADER 00718nam a2200205K  4500
001 003000408-X
005 20020606093309.7
008 930426s1965    ctu          s000 0 eng d
035 0 $aocn188458261
040   $aFLL$cFLL
110 2 $aConnecticut Development Commission.
245 14$aThe advantages of a Connecticut location for the chemical industry.
260   $aHartford,$bthe Connecticut Industrial Development Council.$c[1965]
300   $a58 p.$bphotos, maps, charts, tables.
500   $aApril 1965.
690  9$aIndustries, Location of$zUnited States. Conn.$5des
690  9$aIndustries, Location of$xPublicity.$5des
690  9$aIndustries, Chemical$zUnited States. Conn.$5des
988   $a20020608
906   $0MH

