LEADER 00573nam a2200181K  4500
001 003000409-8
005 20020606093309.7
008 930426s1963    ctu          s000 0 eng d
035 0 $aocm78249561
040   $aFLL$cFLL
110 2 $aConnecticut Development Commission.
245 14$aThe advantages of a Connecticut location for warehousing.
260   $aHartford, Conn.$bThe Commission.$c[1963]
300   $a51 p.$bphotos, maps, charts, tables.
690  9$aWarehouses$zUnited States. Conn.$5des
690  9$aIndustries$zUnited States. Conn.$5des
988   $a20020608
906   $0MH

