LEADER 00643nam a2200217I  4500
001 003000410-1
005 20020606093309.7
008 721213s1957    xx            000 0 eng u
010   $a   57006563 
035 0 $aocm00514301
040   $cCSU$dHMG
050   $aHQ782$b.H36
100 1 $aHartley, Ruth Edith,$d1909-
245 04$aThe complete book of children's play,$cby Ruth E. Hartley and Robert M. Goldenson. Introd. by Lawrence K. Frank.
246 3 $aChildren's play.
260   $aNew York,$bCrowell$c[1957]
300   $a462p.$billus.$c22cm.
650  0$aPlay.
700 1 $aGoldenson, Robert M.,$ejt. auth.
988   $a20020608
906   $0MH

