LEADER 00634nam a2200193K  4500
001 003000411-X
005 20020606093309.7
008 930426s1925    ohu          l000 0 eng d
035 0 $aocm78898466
040   $aFLL$cFLL
110 1 $aDayton, O.$bCity plan board.
245 10$aRules and regulations for plats and subdivisions, Dayton, Ohio.$bAdopted August, 1925.
260   $aDayton,$bThe Bd.,$c1925.
300   $a16 p.,$c26 cm.
690  9$aPlats, City$xLegis.$5des
690  9$aCity planning$zUnited States. Dayton, Ohio.$5des
710 1 $aDayton, O.$bDirector of Public Service as Supervisor of Plats.
988   $a20020608
906   $0MH

