LEADER 00402nam a2200157K  4500
001 003000412-8
005 20020606093309.7
008 930426s1919    ohu          l000 0 eng d
035 0 $aocm79157079
040   $aFLL$cFLL
110 1 $aDayton (Ohio).$bDepartment of Public Welfare.
245 10$aReport, 1919.
260   $a[Dayton, Ohio,$bThe Dept.]$c1919.
300   $a24 p.$bphotos.
988   $a20020608
906   $0MH

