LEADER 00622naa a2200205K  4500
001 003000413-6
005 20080513093007.0
008 930426s1949    xxu           001 0 eng d
035 0 $aocn232009536
040   $aFLL$cFLL
130 0 $aChampaign-Urbana courier.
245 10$aMaster plan.
260   $c[1949]
300   $bPhotos, maps, plans, sketches, charts.
500   $aOct. 23, 1949.
500   $aIN: The Champaign-Urbana courier, section 3. Oct. 23, 1949. 8 p.
690  9$aCity planning$zUnited States. Champaign, Ill.$5des
690  9$aCity planning$zUnited States. Urbana, Ill.$5des
988   $a20020608
906   $0MH

