LEADER 00551nam a2200181K  4500
001 003000414-4
005 20020606093309.7
008 930426s1966    ctu          s000 0 eng d
035 0 $aocn188458280
040   $aFLL$cFLL
110 2 $aConnecticut Development Commission.
245 10$aBibliography of reports on regional planning in Connecticut.
260   $aHartford, Conn.$bThe Commission.$c1966.
300   $a9 p.
690  9$aRegional planning$zUnited States. Conn.$5des
690  9$aRegional planning$xBibliography.$5des
988   $a20020608
906   $0MH

