LEADER 00604nam a2200169K  4500
001 003000415-2
005 20020606093309.7
008 930426s1960    ohu           000 0 eng d
035 0 $aocm82241619
040   $aFLL$cFLL
110 1 $aDayton (Ohio).$bOffice of the City Manager.
245 12$aA program of community improvement by urban renewal in Dayton, Ohio, a workable program for urban renewal, fifth annual report on status and objectives.
260   $aDayton, Ohio,$bThe Office.$c1960.
300   $a17 p.$bdiagrs.
690  9$aUrban renewal$zUnited States. Dayton, Ohio.$5des
988   $a20020608
906   $0MH

