LEADER 00551nam a2200181K  4500
001 003000416-0
005 20020606093309.7
008 930426s1961    ctu          s100 0 eng d
035 0 $aocm81396409
040   $aFLL$cFLL
110 2 $aConnecticut Development Commission.
245 10$aBrief summary of proceedings of the Connecticut Development Conference.
260   $aHartford, Conn.,$bThe Commission.$c1961.
300   $a13 p.
690  9$aState pl.$zUnited States. Conn.$5des
690  9$aState pl.$xCongresses. 1961.$5des
988   $a20020608
906   $0MH

