LEADER 00377naa a2200145K  4500
001 003000417-9
005 20020606093309.7
008 930426s1961    xxu           000 0 eng d
035 0 $aocm82616886
040   $aFLL$cFLL
100 1 $aChurchill, Henry.
245 10$aWhat is a city?
773 0 $aWilliams, Oliver P. Democracy in urban America, 1961, p. 474-480.
988   $a20020608
906   $0MH

