LEADER 00420naa a2200145K  4500
001 003000418-7
005 20020606093309.7
008 930426s1953    xxu           000 0 eng d
035 0 $aocm81921494
040   $aFLL$cFLL
100 1 $aChurchill, Henry S.
245 10$aWhat kind of cities do we want?
773 0 $aWoodbury, Coleman, ed. The future of cities and urban redevelopment ..., [1953], p. 44-51.
988   $a20020608
906   $0MH

