LEADER 00343nam a2200145K  4500
001 003000419-5
005 20080513093026.0
008 930426s1885    fr            001 0 fre d
035 0 $aocn232009537
040   $aFLL$cFLL
100 1 $aChampeaux, Alfred de,$d1833-1903.
245 13$aLe meuble.$nI.
260   $aParis,$c[1885].
988   $a20020608
906   $0MH

