LEADER 00663nam a2200193K  4500
001 003000420-9
005 20020606093309.7
008 930426s1946    ctu          s000 0 eng d
035 0 $aocm80282098
040   $aFLL$cFLL
110 2 $aConnecticut Development Commission.
245 10$aComparison of state corporation taxes in Connecticut and Delaware; Maine; Massachusetts; New Hampshire; New Jersey; North Carolina; Rhode Island; Vermont.
260   $aHartford, Conn.,$bThe Commission.$c1946.
300   $a1 v. (various paging)
490 0 $aTax series$v3
690  9$aTaxation$xStatistics.$5des
690  9$aIndustries$xTaxation.$5des
988   $a20020608
906   $0MH

