LEADER 00562nam a2200193K  4500
001 003000421-7
005 20020606093309.7
008 930426s1956    ctu          s000 0 eng d
035 0 $aocn183250931
040   $aFLL$cFLL
110 2 $aConnecticut Development Commission.
245 10$aConnecticut, a dynamic economy.
260   $aHartford,$bThe Commission.$c1956.
300   $a32 p.$bdiagrs., tables.
690  9$aEco p$zUnited States. Conn.$5des
690  9$aState p$zUnited States. Conn.$5des
690  9$aState p$xEco consid.$5des
988   $a20020608
906   $0MH

