LEADER 00681nam a2200193K  4500
001 003000422-5
005 20020606093309.7
008 930426s1961    ctu          s000 0 eng d
035 0 $aocm78766428
040   $aFLL$cFLL
110 2 $aConnecticut Development Commission.
245 10$aConnecticut and the air age,$cby Connecticut Development Commission and Connecticut Dept. of Aeronautics.
260   $aHartford, Conn.,$bThe Commission.$c1961.
300   $a15 p.$bphotos, maps, charts, tables.
690  9$aAirports$zUnited States. Conn.$5des
690  9$aTransp., Aerial$zUnited States. Conn.$5des
710 1 $aConnecticut.$bDepartment of Aeronautics.
988   $a20020608
906   $0MH

