LEADER 00725nam a2200229K  4500
001 003000423-3
005 20020606093309.7
008 930426s1948    ctu          s000 0 eng d
035 0 $aocm80924492
040   $aFLL$cFLL
050 14$aHC107.C8$bC665 1948
110 2 $aConnecticut Development Commission.
245 10$aConnecticut business review.
260   $aHartford,$bThe Commission.$c[1948]
300   $a16 p.$bmaps, charts, tables.
690  9$aEcon. plng.$zUnited States. Conn.$5des
690  9$aIndustries$zUnited States. Conn.$5des
651  0$aConnecticut$xEconomic conditions.
651  0$aConnecticut$xIndustries.
710 2 $aConnecticut Development Commission,$eissuing body.
988   $a20020608
906   $0MH

