LEADER 00486nam a2200169K  4500
001 003000424-1
005 20020606093309.7
008 930426s1943    ctu          s000 0 eng d
035 0 $aocm38693319
040   $aFLL$cFLL
110 2 $aConnecticut Development Commission.
245 10$aConnecticut: center of aviation.
260   $aHartford,$bThe Commission.$c1943.
300   $a31 p.$bphotos, maps, sketches, ports.
690  9$aAirports$zUnited States. Conn.$5des
988   $a20020608
906   $0MH

