LEADER 00571nam a2200181K  4500
001 003000425-X
005 20020606093309.7
008 930426s1948    ctu          s000 0 eng d
035 0 $aocm80584828
040   $aFLL$cFLL
110 2 $aConnecticut Development Commission.
245 10$aConnecticut Community Development Workshops, June 7-9-11-14, 1948.
260   $aNew Haven,$bThe Workshops.$c1948.
300   $a4 p.
690  9$aCity planning$zUnited States. Connecticut.$5des
710 2 $aConnecticut Federation of Planning and Zoning Agencies.
988   $a20020608
906   $0MH

