LEADER 00707nam a2200181K  4500
001 003000426-8
005 20020606093309.7
008 930426s1958    ohu          l000 0 eng d
035 0 $aocm79743788
040   $aFLL$cFLL
110 1 $aDayton (Ohio).$kOrdinances.
245 10$aMinimum standards for housing, city of Dayton, code of general ordinances, 806-27 to 806-83, as amended to January 29, 1958.
260   $aDayton, Ohio.$bDept. of Service and Buildings. Division of Building Inspection.$c1958.
300   $a43 p.
690  9$aHousing codes$zUnited States. Dayton, Ohio.$5des
710 1 $aDayton (Ohio).$bDepartment of Service and Buildings.$bDivision of Building Inspection.
988   $a20020608
906   $0MH

