LEADER 00516nam a2200145K  4500
001 003000427-6
005 20020606093309.7
008 930426s1975    xxu           00i 0 eng d
035 0 $aocn232009538
040   $aFLL$cFLL
100 1 $aChampion, A. G.$q(Anthony Gerard)
245 13$aAn estimate of the changing extent and distribution of urban land in England and Wales, 1950-70.
773 0 $aCentre for Environmental Studies. Research papers, 1975, no. 10; entire issue; with diagrs., maps, tables.
988   $a20020608
906   $0MH

