LEADER 00550nam a2200169K  4500
001 003000428-4
005 20020606093309.7
008 930426r19651964ctu          s000 0 eng d
035 0 $aocm78032796
040   $aFLL$cFLL
110 2 $aConnecticut Development Commission.
245 10$aConnecticut Development Commission.$c[Reprint from the 1964-1965 Digest of Connecticut Administrative Reports to the Governor.]
260   $aHartford, Conn.,$c1965.
300   $a1 v. (unpaged)
690  9$aState plng$zUnited States. Conn.$5des
988   $a20020608
906   $0MH

