LEADER 00473nam a2200169K  4500
001 003000429-2
005 20020606093309.7
008 930426s1949    ctu          s000 0 eng d
035 0 $aocm82238474
040   $aFLL$cFLL
110 2 $aConnecticut Development Commission.
245 10$aConnecticut manufacturers of products for export.
260   $aHartford,$bCommission.$c[1949?]
300   $a[12] p.
690  9$aIndustries$zUnited States. Conn.$5des
988   $a20020608
906   $0MH

