LEADER 01117aam a2200301 a 4500
001 003000430-6
005 20020606093309.7
008 921016s1991    ii       b    001 0deng  
010   $a   92906491 
020   $a8185251096 :$cRs280.00
035 0 $aocm27815629
040   $aDLC$cDLC$dDLC
043   $aa-ii---
050 00$aDS480.45$b.S4887 1991
100 1 $aSingh, Badri Narayan,$d1957-
245 10$aRole of G.D. Birla in Indian national movement /$cBadri Narayan Singh.
246 3 $aRole of Ghanshyam Dass Birla in Indian national movement.
260   $aDelhi :$bAnupama Publications,$c1991.
300   $a261, [17] p. ;$c23 cm.
500   $aRevision of the author's thesis (doctoral--Gorakhpur University, 1990).
500   $aIncludes index.
504   $aIncludes bibliographical references (p. [250]-261).
520   $aOn the role of Ghanaśyāmadāsa Biṛalā, 1894-1983, Indian industrialist and philanthropist.
600 10$aBiṛalā, Ghanaśyāmadāsa,$d1894-1983.
650  0$aNationalism$zIndia.
651  0$aIndia$xPolitics and government$y1919-1947.
988   $a20020608
906   $0DLC

