LEADER 00654nam a2200193K  4500
001 003000431-4
005 20020606093309.7
008 930426s1961    ctu          s000 0 eng d
035 0 $aocm84182642
040   $aFLL$cFLL
110 2 $aConnecticut Development Commission.
245 10$aConnecticut opportunities in research and planning,$binterregional planning program.
260   $aHartford, Conn.,$bThe Commission.$c[1961]
300   $a[1 fold.] p.$bmaps.
690  9$aCity planning$xProfessional opportunities.$5des
690  9$aEcon. pl.$zUnited States. Conn.$5des
690  9$aRegional planning$zUnited States. Conn.$5des
988   $a20020608
906   $0MH

