LEADER 00481nam a2200169K  4500
001 003000432-2
005 20020606093309.7
008 930426s1950    ctu          s000 0 eng d
035 0 $aocm78445083
040   $aFLL$cFLL
110 2 $aConnecticut Development Commission.
245 10$aConnecticut purchasing guide to 16000 products.
260   $aHartford,$bThe Commission.$c[1950]
300   $a66 p.$bphotos.
690  9$aIndustries$zUnited States. Conn.$5des
988   $a20020608
906   $0MH

