LEADER 00539nam a2200181K  4500
001 003000433-0
005 20080513093053.0
008 930426s1968    mau           001 0 eng d
035 0 $aocn232009540
040   $aFLL$cFLL
100 1 $aChampion, Hale.
245 10$aReport to Mayor White on Boston Redevelopment Authority policy.
260   $aBoston, Mass.,$bBoston Redevelopment Authority,$c1968.
300   $a8 p.
690  9$aUrb ren$zUnited States. Bost. Mass.$5des
710 2 $aBoston Redevelopment Authority.
988   $a20020608
906   $0MH

