LEADER 00445naa a2200145K  4500
001 003000434-9
005 20020606093309.7
008 930426s1961    xxu           000 0 eng d
035 0 $aocm80227670
040   $aFLL$cFLL
100 1 $aChurchman, C. West$q(Charles West),$d1913-
245 10$aDecision and value theory.
773 0 $aProgress in operations research, vol. 1, edited by Russell L. Ackoff, 1961, chapter 2, pp. 35-64.
988   $a20020608
906   $0MH

