LEADER 00535nam a2200181K  4500
001 003000435-7
005 20020606093309.7
008 930426s1960    ctu          s000 0 eng d
035 0 $aocm80822502
040   $aFLL$cFLL
110 2 $aConnecticut Development Commission.
245 10$aConnecticut vacation guide, 1960.
260   $aHartford, Conn.,$bThe Commission.$c1960.
300   $a17 p.$bphotos, maps.
690  9$aRecreation industry$zUnited States. Conn.$5des
691  9$aConnecticut$xDescription.$5des
988   $a20020608
906   $0MH

