LEADER 00619nam a2200181K  4500
001 003000436-5
005 20020606093309.7
008 930426m19261930xx           l000 0 eng d
035 0 $aocm78939512
040   $aFLL$cFLL
110 1 $aDayton (Ohio).$kOrdinances.
245 10$aOfficial building zone ordinances for the city of Dayton, also history and synopsis of the revised Mechanic's Lien Laws of Ohio.$bEffective June 19, 1926, amended to Aug. 20, 1930.
260   $c[1926-30].
300   $a84 p.
690  9$aZoning$zUnited States. Dayton, Ohio.$5des
690  9$aZoning$xLegislation.$5des
988   $a20020608
906   $0MH

