LEADER 00499nam a2200169K  4500
001 003000437-3
005 20020606093309.7
008 930426s1956    ctu          s000 0 eng d
035 0 $aocm81978467
040   $aFLL$cFLL
110 2 $aConnecticut Development Commission.
245 10$aConnecticut vacation guide,$ba listing of accommodations.
260   $aHartford, Conn.,$bThe Commission.$c[1956]
300   $a23 p.$bphotos, maps, tables.
691  9$aConn.$xDescription.$5des
988   $a20020608
906   $0MH

