LEADER 00563nam a2200193K  4500
001 003000438-1
005 20020606093309.7
008 930426r1910    enk           000 0 eng d
035 0 $aocm81857736
040   $aFLL$cFLL
100 1 $aChurton, Annette.
245 14$aThe housing and town-planning act, 1909,$bas it affects rural districts.
260   $aLondon,$bP.S. King and Son.$c[1910]
300   $a12 p.
490 0 $aOur land reprints$v4
690  9$aCity planning$xLegislation.$5des
690  9$aCity planning$zGreat Britain.$5des
988   $a20020608
906   $0MH

