LEADER 00650nam a2200193K  4500
001 003000439-X
005 20020606093309.7
008 930426s1950    ctu          s000 0 eng d
035 0 $aocm78272907
040   $aFLL$cFLL
110 2 $aConnecticut Development Commission.
245 10$aConnecticut vacation resorts: inns, hotels, boarding cottages, farms, children's camps.
260   $aHartford,$bThe Commission.$c1950.
300   $a30 p.$bphotos, map, tables.
690  9$aSummer resorts$zUnited States. Conn.$5des
690  9$aRec., Public$zUnited States. Conn.$5des
690  9$aRec. industry$zUnited States. Conn.$5des
988   $a20020608
906   $0MH

