LEADER 00459naa a2200145K  4500
001 003000440-3
005 20020606093309.7
008 930426s1958    xxu           000 0 eng d
035 0 $aocm83281832
040   $aFLL$cFLL
100 1 $aChute, Charlton F.
245 14$aThe problem of government in urban regions.
773 0 $aYale University. Graduate Program in City Planning, The Atlantic urban region, 1958?, p. 73-85; with maps, and tables.
988   $a20020608
906   $0MH

