LEADER 00532nam a2200181K  4500
001 003000441-1
005 20080513093115.0
008 930426s1969    mau           001 0 eng d
035 0 $aocn232009541
040   $aFLL$cFLL
100 1 $aChampion, Hale.
245 10$aStatement to Mayor White on urban Renewal Committee.
260   $aBoston, Mass.,$bBoston Redevelopment Authority,$c1969.
300   $a5 p.
690  9$aUrban ren$zUnited States. Boston, Mass.$5des
710 2 $aBoston Redevelopment Authority.
988   $a20020608
906   $0MH

