LEADER 00682cam a2200229I  4500
001 003000442-X
005 20020606093309.7
008 721213s1966    nyu      b    000 0 eng  
010   $a   65023343 
035 0 $aocm00514331
040   $aDLC$cWSU$dSER$dm/c$dHMG
050 0 $aJS331$b.S9
082   $a320
100 1 $aSyed, Anwar Hussain,$d1926-
245 14$aThe political theory of American local government.
260   $aNew York,$bRandom House$c[1966]
300   $ax, 211 p.$c19 cm.
490 0 $aRandom House studies in political science,$vPS54
504   $a"Notes and references": p. [187]-203.
650  0$aLocal government$zUnited States.
988   $a20020608
906   $0DLC

