LEADER 00477nam a2200169K  4500
001 003000443-8
005 20020606093309.7
008 930426s1946    ctu          s000 0 eng d
035 0 $aocm81467985
040   $aFLL$cFLL
110 2 $aConnecticut Development Commission.
245 10$aConnecticut vacation resorts.
260   $aHartford,$bThe Commission.$c1946.
300   $a27 p.$bphotos, map, tables.
690  9$aRec., Public$zUnited States. Conn.$5des
988   $a20020608
906   $0MH

