LEADER 00771nam a2200253K  4500
001 003000444-6
005 20020606093309.7
008 930426s1970    ctu          s000 0 eng d
035 0 $aocm44631144
040   $aFLL$cFLL
043   $an-us-ct
050  4$aHD257.5.C8$bI5 1970
110 2 $aConnecticut Development Commission.
245 10$aConnecticut's industrial parks, 1970.
260   $aHartford, Conn.,$c1970.
300   $a22 p.$bmap.
690  9$aIndustrial parks$zUnited States. Conn.$5des
650  0$aIndustrial districts$zConnecticut$vDirectories.
650  0$aIndustrial districts$zConnecticut$vStatistics.
655  7$aDirectories.$2fast
655  7$aStatistics.$2fast
710 2 $aConnecticut Development Commission.
988   $a20020608
906   $0MH

