LEADER 00499nam a2200181K  4500
001 003000445-4
005 20020606093309.7
008 930426s1933    xx           l000 0 eng d
035 0 $aocm79096482
040   $aFLL$cFLL
110 1 $aDayton (Ohio).$kOrdinances.
245 13$aAn ordinance, no. 14748 ... relating to the platting of land ...
260   $c[1933]
300   $a1 p.
500   $a[Newspaper clipping.]
690  9$aPlats, City$zUnited States. Dayton, Ohio.$5des
988   $a20020608
906   $0MH

