LEADER 00452nam a2200169K  4500
001 003000446-2
005 20020606093309.7
008 930426s1948    ctu          s000 0 eng d
035 0 $aocm77342872
040   $aFLL$cFLL
110 2 $aConnecticut Development Commission.
245 10$aEastern Connecticut.
260   $aHartford,$bThe Commission.$c[1948]
300   $a20 p.$bphotos, map.
691  9$aConnecticut$xDescription.$5des
988   $a20020608
906   $0MH

