LEADER 00812nam a2200253K  4500
001 003000447-0
005 20020606093309.7
008 930426s1959    ctu          s000 0 eng d
035 0 $aocm78576735
040   $aFLL$cFLL
043   $an-us-ct
050 14$aHC107.C83$bC3 1959
110 2 $aConnecticut Development Commission.
245 10$aGrowth and profits in Connecticut industry.
260   $aHartford,$bThe Commission.$c1959.
300   $a12 p.$bphotos, maps, diagrs.
690  9$aIndustries$zUnited States. Connecticut.$5des
690  9$aIndustries$xEconomic considerations.$5des
650  0$aIndustrial productivity$zConnecticut.
650  0$aProfit$zConnecticut.
650  0$aManufacturing industries$zConnecticut.
710 2 $aConnecticut Development Commission.
988   $a20020608
906   $0MH

