LEADER 00625nam a2200193K  4500
001 003000448-9
005 20020606093309.7
008 930426s1960    ctu          s000 0 eng d
035 0 $aocm36548381
040   $aFLL$cFLL
110 2 $aConnecticut Development Commission.
245 12$aA guide to capital improvement programing in Connecticut.
260   $aHartford, Conn.,$bThe Commission.$c1960.
300   $a76 p.$bcharts.
690  9$aState finances$zUnited States. Conn.$5des
690  9$aMunicipal finance$zUnited States. Conn.$5des
690  9$aState planning$xFinancial considerations.$5des
988   $a20020608
906   $0MH

