LEADER 00579nam a2200193K  4500
001 003000449-7
005 20020606093309.7
008 930426s1970    enk           000 0 eng d
035 0 $aocm61864372
040   $aFLL$cFLL
100 1 $aCibula, Evelyn.
245 10$aBuilding control in Switzerland.
260   $aGarston, Warford, England,$bBuilding Research Station,$c1970.
300   $a10 p.
410 10$aGreat Britain.$bBuilding Research Station.$tCurrent paper$v21/70
690  9$aBuilding$xLegislation.$5des
690  9$aBuilding$zSwitzerland.$5des
988   $a20020608
906   $0MH

