LEADER 00688naa a2200205K  4500
001 003000450-0
005 20080820161239.0
008 930426s1898    xxu           001 0 eng d
035 0 $aocn232009542
040   $aFLL$cFLL
100 1 $aChampney, Elizabeth W.$q(Elizabeth Williams),$d1850-1922.
245 14$aThe château gardens of André Le Nôtre.
260   $c[1898]
300   $bPhotos, plans, sketches.
500   $aApr. 20; July 20, 1898.
500   $aIncludes article: Common-sense planning, by Russell Sturgis.
500   $aIN : Architectural review, vol. 5:3, 5. Apr. 20; July 20, 1898. pp. 31-34; 41-47.
700 1 $aLe Nôtre, André,$d1613-1700.
988   $a20020608
906   $0MH

