LEADER 00553nam a2200169K  4500
001 003000451-9
005 20020606093309.7
008 930426s1954    ohu          l000 0 eng d
035 0 $aocm81991074
040   $aFLL$cFLL
110 1 $aDayton (Ohio).$kOrdinances.
245 13$aAn ordinance establishing minimum standards governing utilities, facilities ... to make dwellings safe, sanitary and fit for human habitation ...
260   $aDayton, Ohio,$c1954.
300   $a13 p.
690  9$aHousing codes$zUnited States. Dayton.$5des
988   $a20020608
906   $0MH

