LEADER 00646nam a2200205K  4500
001 003000453-5
005 20020606093309.7
008 930426s1949    ctu          s000 0 eng d
035 0 $aocm81660239
040   $aFLL$cFLL
110 2 $aConnecticut Development Commission.
245 10$aHighlights of the regional planning law, Conn. Public act no. 460.
260   $aHartford,$bThe Commission.$c[1949]
300   $a[3] p.
690  9$aCity planning$xLegis.$5des
690  9$aCity planning$zUnited States. Conn.$5des
690  9$aRegional planning$zUnited States. Conn.$5des
690  9$aRegional planning$xLegis.$5des
988   $a20020608
906   $0MH

