LEADER 00451nam a2200169K  4500
001 003000454-3
005 20020606093309.7
008 930426s1925    xx           l000 0 eng d
035 0 $aocm82736702
040   $aFLL$cFLL
110 1 $aDayton, O.$kOrdinances.
245 10$aTraffic code, and limited parking ordinance.
260   $c1925.
300   $a64 p.
690  9$aStreet traffic regulation$zUnited States. Dayton, Ohio.$5des
988   $a20020608
906   $0MH

