LEADER 00631nam a2200193K  4500
001 003000455-1
005 20020606093309.7
008 930426s1962    ctu          s000 0 eng d
035 0 $aocn188458410
040   $aFLL$cFLL
110 2 $aConnecticut Development Commission.
245 10$aIndustrial development programs for Connecticut communities.
260   $aHartford,$bThe Commission,$c[1962?].
300   $a45 p.$bsketches, charts.$c30 cm.
690  9$aIndustries$xCommunity promotion.$5des
690  9$aIndustries$zUnited States. Conn.$5des
690  9$aDists., Industrial$zUnited States. Conn.$5des
988   $a20020608
906   $0MH

