LEADER 00570nam a2200181K  4500
001 003000456-X
005 20020606093309.7
008 930426s1961    ctu          s000 0 eng d
035 0 $aocm81115101
040   $aFLL$cFLL
110 2 $aConnecticut Development Commission.
245 14$aThe industrial plant in Connecticut,$ba survey of the state's industrial floor space.
260   $aHartford, Conn.,$bThe Commission.$c1961.
300   $a14 p.$btables.
690  9$aIndustries$zUnited States. Conn.$5des
690  9$aIndustries$xStatistics.$5des
988   $a20020608
906   $0MH

