LEADER 00765nam a2200193K  4500
001 003000457-8
005 20020606093309.7
008 930426m19641965ctu          s000 0 eng d
035 0 $aocm82203718
040   $aFLL$cFLL
110 2 $aConnecticut Development Commission.
245 10$a1. Introduction to resources series:$b2, Manufacturing; 3, Agriculture and farm services; 4, Residence and living qualities; 5, Recreation and outdoor life; 6, Education; 7, Historic homes; 8, Points of interest.
260   $aHartford,$bthe author.$c1964-1965.
300   $a1 v. (unpaged)$bphotos.
690  9$aNatural resources$zUnited States. Conn.$5des
690  9$aRecreation, Public$zUnited States. Conn.$5des
691  9$aConn.$xDescription.$5des
988   $a20020608
906   $0MH

