LEADER 00699nam a2200205K  4500
001 003000458-6
005 20020606093309.7
008 930426s1962    ohu          l000 0 eng d
035 0 $aocm83478482
040   $aFLL$cFLL
110 1 $aDayton (Ohio).$bRegional Transportation Committee.
245 10$aPredicting the future pattern of vehicle trips.
260   $aDayton, Ohio,$c1962.
300   $a27 p.$bdiagrs., tables.
500   $aAt head of title: O & D report, part 1.
690  9$aTravel patterns$xFuture considerations.$5des
690  9$aOrigin-destination surveys$zUnited States. Dayton, Ohio.$5des
690  9$aTravel patterns$zUnited States. Dayton, Ohio.$5des
988   $a20020608
906   $0MH

