LEADER 00489nam a2200169K  4500
001 003000459-4
005 20020606093309.7
008 930426s1950    ctu          s000 0 eng d
035 0 $aocm83008540
040   $aFLL$cFLL
110 2 $aConnecticut Development Commission.
245 10$aList of publications of the Connecticut Development Commission.
260   $a[Hartford],$bThe Commission.$c[1950]
300   $a[8] p.
690  9$aState p.$zUnited States. Conn.$5des
988   $a20020608
906   $0MH

