LEADER 00499nam a2200169K  4500
001 003000460-8
005 20020606093309.7
008 930426s1962    ctu          s000 0 eng d
035 0 $aocm80446058
040   $aFLL$cFLL
110 2 $aConnecticut Development Commission.
245 10$aLocal planning and zoning agencies in Connecticut$b[a map]
260   $a[Hartford] Conn.,$bThe Commission,$c1962.
300   $a1 p.$bmaps.
690  9$aCity planning$zUnited States. Conn.$5des
988   $a20020608
906   $0MH

