LEADER 00524nam a2200169K  4500
001 003000461-6
005 20020606093309.7
008 930426s1959    ctu          s000 0 eng d
035 0 $aocm80701313
040   $aFLL$cFLL
110 2 $aConnecticut Development Commission.
245 10$aLocate your eastern branch in Connecticut.
260   $aHartford, Conn.,$bThe Commission.$c1959.
300   $a12 p.$bphotos, maps, charts, tables.
690  9$aIndustries, Location of$zUnited States. Connecticut.$5des
988   $a20020608
906   $0MH

