LEADER 00603nam a2200181K  4500
001 003000462-4
005 20020606093309.7
008 930426s1959    ctu          s000 0 eng d
035 0 $aocm78691364
040   $aFLL$cFLL
110 2 $aConnecticut Development Commission.
245 10$aMemorandum.$bRe: Planning, zoning and redevelopment legislation enacted by the 1959 Connecticut general assembly.
260   $aHartford, Conn.,$bThe Commission.$c1959.
300   $a27 p.
690  9$aCity planning$zUnited States. Connecticut.$5des
690  9$aCity planning$xLegislation.$5des
988   $a20020608
906   $0MH

