LEADER 00534nam a2200181K  4500
001 003000463-2
005 20020606093309.7
008 930426s1948    ctu          s000 0 eng d
035 0 $aocm84029399
040   $aFLL$cFLL
110 2 $aConnecticut Development Commission.
245 10$aMemorandum.$bSubject: cataloging of library and other material.
260   $a[Hartford,$bThe Commission.]$c[1948]
300   $a6 p.
690  9$aCity planning$xClassification.$5des
690  9$aCity planning$xLibraries.$5des
988   $a20020608
906   $0MH

