LEADER 01164nam a2200253K  4500
001 003000465-9
005 20100622154725.0
008 930426n        xx            000 0 eng d
035 0 $aocm82687816
040   $aFLL$cFLL
130 0 $aCongressional record, 119:82, May 31, 1973.
245 10$aBy Mr. Kennedy, S.1929:$bA bill to establish the Nantucket Sound Islands Trust in the Commonwealth of Massachusetts, to declare certain national policies essential to the preservation and conservation of the lands and waters in the trust area, and for other purposes; referred to the Committee on Interior and Insular Affairs.
300   $a10 p.
490 0 $a93d Congress, 1st session
690  9$aConservation$zUnited States. Nantucket (Mass.)$5des
690  9$aLand use$xLegislation.$5des
690  9$aConservation$zUnited States. Martha's Vineyard (Mass.)$5des
690  9$aNatural resources$xConservation.$5des
691  9$aNantucket Island (Mass.)$5des
691  9$aMartha's Vineyard (Mass.)$5des
700 1 $aKennedy, Edward M.$q(Edward Moore),$d1932-2009
710 1 $aUnited States.$bCongress.$n93d, 1st session.$bSenate.
988   $a20020608
906   $0MH

