LEADER 00464naa a2200181K  4500
001 003000466-7
005 20020606093309.7
008 930426s1951    xxu           000 0 eng d
035 0 $aocm84414391
040   $aFLL$cFLL
100 1 $aConn, Harry.
245 10$aHousing: a vanishing vision.
260   $c[1951]
500   $aJuly 16, 1951.
690  9$aHousing$zUnited States.$5des
773 0 $aNew Republic 125:3, July 16, 1951, pp. 12-14.
988   $a20020608
906   $0MH

