LEADER 00693nam a2200193K  4500
001 003000467-5
005 20020606093309.7
008 930426s1968    tnu          s000 0 eng d
035 0 $aocm82287703
040   $aFLL$cFLL
110 1 $aDayton (Tenn.).$bRegional Planning Commission.
245 10$aNeighborhood analyses, Dayton, Tennessee.
260   $aChattanooga, Tenn.,$bTennessee State Planning Commission,$c1968.
300   $a137 p.$billus., charts, maps, tables,$c28 cm.
690  9$aCity planning$zUnited States. Dayton, Tenn.$5des
690  9$aNeighborhood units$zUnited States. Dayton, Tenn.$5des
710 2 $aTennessee State Planning Commission,$epublisher.
988   $a20020608
906   $0MH

