LEADER 00620naa a2200145K  4500
001 003000468-3
005 20020606093309.7
008 930426s1968    xxu           00i 0 eng d
035 0 $aocm70931250
040   $aFLL$cFLL
100 1 $aChan, Yupo.
245 10$aAggregation in transport networks:$ban application of hierarchical structure,$cby Yu-po Chan, Kenneth G. Follansbee, Marvin L. Manheim and John R. Mumford.
773 0 $aMassachusetts Institute of Technology. Department of Civil Engineering. Search and choice in transport systems planning, June 1968, vol. 8, entire issue; with charts, diagrs.
988   $a20020608
906   $0MH

