LEADER 00606nam a2200181K  4500
001 003000470-5
005 20020606093309.7
008 930426m19221924xx            000 0 eng d
035 0 $aocm79901183
040   $aFLL$cFLL
100 1 $aDahl, George Leighton.
245 14$aThe Thermae of Caracalla.$bThesis of the Nelson Robinson, Jr. Fellowship in Architecture, Harvard University, Cambridge, Mass.
260   $bHolder of Fellowship,$c1922-24.
300   $billus, plans, elevs, sections.$c29 cm.
690  9$aArchitecture$xTheses.$5des
610 20$aBaths of Caracalla (Rome, Italy)
988   $a20020608
906   $0MH

