LEADER 00683nam a2200193K  4500
001 003000471-3
005 20020606093309.7
008 930426s1958    ohu          l100 0 eng d
035 0 $aocm77827801
040   $aFLL$cFLL
111 2 $aDayton Metropolitan Heart Conference$d(1958)
245 12$aA condensation of remarks from ...$csponsored by the Dayton Area Chamber of Commerce, American Council to Improve Our Neighborhoods, and the Dayton Daily News.
260   $a[Dayton, Ohio,$bChamber of Commerce]?$c[1958]
300   $a18 p.
500   $aMar. 25, 1958.
690  9$aDistricts, Business$zUnited States. Dayton, Ohio.$5des
690  9$aSponsors.$5des
988   $a20020608
906   $0MH

