LEADER 00801nam a2200205K  4500
001 003000472-1
005 20020606093309.7
008 930426s1947    flu          l000 0 eng d
035 0 $aocm79273695
040   $aFLL$cFLL
110 1 $aDaytona Beach (Fla.).$bCity Commission.
245 14$aThe City Commission and the City Planning Board offer to the citizens of Daytona Beach our master plan.
260   $aDaytona Beach,$bThe Commission and the Board,$c[1947].
300   $a1 v. (unpaged)$bphotos., plans (one folded and part colored), chart,$c28 cm.
500   $aArthur D. McVoy, planning consultant.
690  9$aCity planning$zUnited States. Daytona Beach, Fla.$5des
700 1 $aMcVoy, Arthur D.,$econsultant.
710 1 $aDaytona Beach (Fla.).$bCity Planning Board.
988   $a20020608
906   $0MH

