LEADER 00593naa a2200145K  4500
001 003000473-X
005 20020606093309.7
008 930426s1969    xxu           00i 0 eng d
035 0 $aocn232009548
040   $aFLL$cFLL
100 1 $aChan, Yupo.
245 10$aOptimal travel time reduction in a transport network:$ban application of network aggregation and branch and bound techniques.
773 0 $aMassachusetts Institute of Technology. Department of Civil Engineering. Search and choice in transport systems planning, July 1969, vol. 20, entire issue; with diagrs., tables.
988   $a20020608
906   $0MH

