LEADER 00526nam a2200181K  4500
001 003000474-8
005 20020606093309.7
008 930426s1930    flu          l000 0 eng d
035 0 $aocm84258534
040   $aFLL$cFLL
110 1 $aDaytona Beach (Fla.).$kOrdinances.
245 10$aZoning ordinance.$bPassed July 9, 1930. Ordinance no. 276.
260   $aDaytona Beach, Fla.$c1930.
300   $a11 p.
690  9$aZoning$xLegislation.$5des
690  9$aZoning$zUnited States. Daytona Beach, Fla.$5des
988   $a20020608
906   $0MH

