LEADER 00555nam a2200193K  4500
001 003000475-6
005 20080513131443.0
008 930426s1968    xx            001 0 eng d
035 0 $aocn232009549
040   $aFLL$cFLL
110 1 $aChandīgarh (India).$bTourist Bureau.
245 10$aChandigarh.
260   $aChandigarh, India,$cc. 1968.
300   $a15 p.$billus., col. map, tables.$c23 cm.
690  9$aLe Corbusier.$5des
690  9$aCities, New$zIndia. Chandigarh.$5des
691  9$aChandigarh, India$xDescription.$5des
988   $a20020608
906   $0MH

