LEADER 00475naa a2200193K  4500
001 003000476-4
005 20020606093309.7
008 930426s1932    xxu           000 0 eng d
035 0 $aocm80769000
040   $aFLL$cFLL
100 1 $aDe Batlle, Carlos.
245 10$aToledo.
260   $c[1932]
300   $bphotos.
500   $aSept. 17, 1932.
691  9$aToledo, Spain$xDescription.$5des
773 0 $aL'Illustration, Sept. 17, 1932, pp. 77-80.
988   $a20020608
906   $0MH

