LEADER 00472nam a2200169K  4500
001 003000477-2
005 20080513131645.0
008 930426s19uu    xx            001 0 eng d
035 0 $aocn232009550
040   $aFLL$cFLL
100 1 $aChandler, Alfred D.$q(Alfred Dupont),$d1847-1923.
245 10$aBrookline, a study in town government.
260   $cn.d.
300   $a19 p.$bPhotos, maps.
691  9$aBrookline, Mass.$xDescription and travel.$5des
988   $a20020608
906   $0MH

