LEADER 00442nam a2200169K  4500
001 003000478-0
005 20020606093309.7
008 930426s1957    be            000 0 und d
035 0 $aocn226913558
040   $aFLL$cFLL
100 1 $aDe Blauwe, Frans.
245 10$aJos Ritzen.
260   $aAntwerpen, Belgium,$bDe Nederlandsche Boekhandel,$c1957.
300   $a32 p.,$bphotos., plans,$c23 cm.
600 10$aRitzen, Jos.
988   $a20020608
906   $0MH

