LEADER 00626nam a2200193K  4500
001 003000479-9
005 20080513131710.0
008 930426r1959    xx            001 0 eng d
035 0 $aocn232009552
040   $aFLL$cFLL
100 1 $aChandler, E. Lawrence.
245 10$aProfessional registration of city planners:$badvantages of registration.
260   $c[1959]
300   $app. 31-36.
490 0 $aProceedings paper$v2054
500   $aReprint from Journal of City Planning Division, Proceedings of the American Society of Civil Engineers, vol. 85.
690  9$aRegistration, Professional.$5des
988   $a20020608
906   $0MH

