LEADER 00556naa a2200145K  4500
001 003000480-2
005 20020606093309.7
008 930426s1960    xxu           00i 0 eng d
035 0 $aocn232009554
040   $aFLL$cFLL
100 1 $aChandler, George B.
245 14$aThe rights of Pennsylvania in the waters of the Delaware River and their legal protection.
773 0 $aUniversity of Pennsylvania. Fels Institute of Local and State Government. Metropolitan area problems with particular reference to Philadelphia, 1960, vol. 2; paper 8.
988   $a20020608
906   $0MH

