LEADER 00589naa a2200181K  4500
001 003000482-9
005 20020606093309.7
008 930426s1954    xxu           000 0 eng d
035 0 $aocm84414603
040   $aFLL$cFLL
130 0 $aChristian Century, Feb. 3, 1954.
245 10$aBook review [of Urban redevelopment, problems and practices,$band The future of cities and urban redevelopment,$cboth edited by Coleman Woodbury].
260   $c[1954]
500   $aFeb. 3, 1954.
690  9$aBk. rev.$5des
773 0 $tChristian century, Chicago.,$gFeb. 3, 1954, 1 p.
988   $a20020608
906   $0MH

