LEADER 00398nam a2200145K  4500
001 003000483-7
005 20020606093309.7
008 930426n        xx            00i 0 eng d
035 0 $aocn232009555
040   $aFLL$cFLL
100 1 $aChandler, Henry P.
245 14$aThe attitude of the law toward beauty.
490 0 $aAmerican Bar Association Journal, Aug. 1922,$vv.8, p.470-474.
988   $a20020608
906   $0MH

