LEADER 00854naa a2200241K  4500
001 003000484-5
005 20020606093309.7
008 930426s1958    xxu           000 0 eng d
035 0 $aocm79006745
040   $aFLL$cFLL
130 0 $aChristian Science Monitor.
245 10$aArchitects build a modern Baghdad:$b[architects are Le Corbusier, Walter Gropius, José Luis Sert, Gio Ponti, Frank Lloyd Wright].
260   $c[1958]
300   $bphotos, maps.
500   $aApr. 2, 1958.
690  9$aCity planning$zIraq. Baghdad.$5des
690  9$aColleges, schools (private) etc.$zIraq. University of Baghdad.$5des
691  9$aBaghdad, Iraq$xDescription.$5des
700 1 $aSert, José Luis,$d1902-1983.
710 2 $aArchitects Collaborative, Inc.
773 0 $aChristian Science Monitor, 2nd section. Apr. 2, 1958, 1 p.
988   $a20020608
906   $0MH

