LEADER 00504naa a2200181K  4500
001 003000485-3
005 20020606093309.7
008 930426s1952    xxu           000 0 eng d
035 0 $aocm83881774
040   $aFLL$cFLL
130 0 $aChristian Science Monitor. Monday, January 21, 1952.
245 13$aAn architect who has blazed a way.
260   $aBoston, Mass.,$c1952.
300   $a1 p.$billus.
600 10$aGropius, Walter,$d1883-1969.
773 0 $aChristian Science Monitor.
988   $a20020608
906   $0MH

