LEADER 00557nam a2200169K  4500
001 003000486-1
005 20020606093309.7
008 930426s1952    cou           000 0 eng d
035 0 $aocm80822506
040   $aFLL$cFLL
110 0 $aDe Boer, S.R., (and Co.)
245 12$aA city plan for Glendive, Montana;$bsummary and conclusions, 1952.
260   $a[Denver, Colo.,$bThe Author.]$c[1952]
300   $a[114] p.,$billus., maps, plans, cross-sections, charts, tables.
690  9$aCity planning$zUnited States. Glendive, Montana.$5des
988   $a20020608
906   $0MH

