LEADER 00399naa a2200145K  4500
001 003000487-X
005 20020606093309.7
008 930426s1934    xxu           00i 0 eng d
035 0 $aocn232009556
040   $aFLL$cFLL
100 1 $aChandler, Henry P.
245 14$aThe economic value of a city plan.
773 0 $aNational Conference on City Planning. Proceedings, 1934, p. 14-18.
988   $a20020608
906   $0MH

