LEADER 00554naa a2200181K  4500
001 003000488-8
005 20020606093309.7
008 930426s1934    xxu           000 0 eng d
035 0 $aocm83006863
040   $aFLL$cFLL
130 0 $aChristian Science Monitor.
245 10$a[Part-farm-part-factory series.]
300   $bPhotos., map, sketch.$c30 cm.
500   $aA series of articles by Henry Edison Williams and others.
690  9$aHomesteads, Subsistence.$5des
773 0 $aChristian science monitor, Feb. 5 - Feb. 17, 1934.
988   $a20020608
906   $0MH

