LEADER 00520naa a2200169K  4500
001 003000489-6
005 20020606093309.7
008 930426s1942    xxu           000 0 eng d
035 0 $aocm83565356
040   $aFLL$cFLL
130 0 $aChristian Science Monitor.
245 10$aTown of Lincoln focal point for the invasion of N.E. by modern architecture,$cby W. Clifford Harvey.
500   $aExt. of Monks house.
691  9$aLincoln, Mass.$5des
773 0 $aChristian science monitor, Nov. 27, 1942.
988   $a20020608
906   $0MH

