LEADER 00446nam a2200181K  4500
001 003000490-X
005 20020606093309.7
008 930426s1926    xx            000 0 eng d
035 0 $aocm81363900
040   $aFLL$cFLL
130 0 $aChristian science monitor.
245 10$aWashington supplement.
260   $c[1926]
300   $a3 sections.$bphotos.
500   $aMay 3, 1926.
691  9$aWashington$xDescription.$5des
988   $a20020608
906   $0MH

