LEADER 00448nam a2200181K  4500
001 003000491-8
005 20020606093309.7
008 930426s1959    au            000 0 ger d
035 0 $aocm84431992
040   $aFLL$cFLL
130 0 $aChristliche Kunstblätter.
245 10$aNo. 2.
260   $aLinz, Austria,$bDiozesan-Kunstverein,$b1959.
300   $bphotos.
500   $awhole no.
690  9$aChurch architecture.$5des
988   $a20020608
906   $0MH

