LEADER 00427nam a2200169K  4500
001 003000493-4
005 20020606093309.7
008 930426s1934    xx            000 0 eng d
035 0 $aocm80584838
040   $aFLL$cFLL
100 1 $aChristoph, M. Oakley.
245 10$aHarford's municipal rose garden.
260   $c[1934]
300   $a2 p.
690  9$aGardens, Rose$zUnited States. Hartford, Conn.$5des
988   $a20020608
906   $0MH

