LEADER 00494nam a2200157K  4500
001 003000494-2
005 20020606093309.7
008 930426m19401942mau           000 0 eng d
035 0 $aocm79780239
040   $aFLL$cFLL
245 00$aChronica botanica, the international plant science newsmagazine,$nvol. 6:1, 9, 10, vol. 7:1
260   $aWaltham, Mass.$c[1940-1942]
300   $a4 pamphlets.$bsketches, tables.
500   $aOct. 7, 1940; Jan. 27, Feb. 10, 1941; Jan. 1942.
988   $a20020608
906   $0MH

