LEADER 00466naa a2200181K  4500
001 003000495-0
005 20020606093309.7
008 930426s1939    xxu           00i 0 eng d
035 0 $aocn232009557
040   $aFLL$cFLL
100 1 $aChandler, Henry P.
245 10$aSpecial assessments.
260   $c[1939]
500   $aOct. 1939.
690  9$aAssessment.$5des
773 0 $aLegal notes on local government, vol. 5:2. Oct. 1939. pp. 86-90.
988   $a20020608
906   $0MH

