LEADER 00586nam a2200193K  4500
001 003000496-9
005 20020606093309.7
008 930426s1957    nyu           000 0 eng d
035 0 $aocm83218316
040   $aFLL$cFLL
110 2 $aChronicle Guidance Publications, inc.
245 10$aCity planner 0-16.01.$cOriginal manuscript written by Louis P. Dolbeare.
260   $aMoravia, N.Y.,$bThe Publications,$c1957.
300   $a[4] p.
490 0 $aChronicle occupational briefs$v152
690  9$aCity planning$xProf. prac.$5des
700 1 $aDolbeare, Louis P.
988   $a20020608
906   $0MH

