LEADER 00616nam a2200169K  4500
001 003000497-7
005 20020606093309.7
008 930426s1946    cou           000 0 eng d
035 0 $aocm83995556
040   $aFLL$cFLL
110 0 $aDeBoer, S.R., (& Co.)
245 10$aCity plan for Scottsbluff, Nebraska.$nVolume six,$bsummary and conclusions.
260   $aDenver, Colo.,$bThe authors,$c[1946].
300   $a97 p.$bmaps (part folded), plans (part folded and part colored), sketches (part folded), tables, charts,$c23 cm.
690  9$aCity planning$zUnited States. Scottsbluff, Nebraska.$5des
988   $a20020608
906   $0MH

