LEADER 00778nam a2200229K  4500
001 003000498-5
005 20020606093309.7
008 930426s1971    nyu           000 0 eng d
035 0 $aocm79112455
040   $aFLL$cFLL
100 1 $aChung, Hyung C.
245 10$aControlling the rate of residential growth:$ba cost-revenue analysis for the town of Ramapo, New York; final report.
260   $a[Ramapo, N.Y.],$c1971.
300   $a56 p.$bdiagrs., maps, tables.
504   $aBibliography, pp. 55-56.
690  9$aDistricts, Residential$zUnited States. Ramapo, N.Y.$5des
690  9$aZoning, Residential$zUnited States. Ramapo, N.Y.$5des
690  9$aCost benefit analysis.$5des
690  9$aCities$xGrowth.$5des
691  9$aRamapo, N.Y.$5des
988   $a20020608
906   $0MH

