LEADER 00434cam a2200157K  4500
001 003000499-3
005 20020606093309.7
008 930426n        xx            000 0 chi d
035 0 $aocm80515748
040   $aFLL$cFLL
245 10$aZhong guo ming hua ji, 1921,$nno. 13.
300   $a[17] p.$billus. (part colored)$c38 cm.
500   $aReproductions of famous Chinese paintings.
690  9$aGardens$zChina.$5des
988   $a20020608
906   $0MH

