LEADER 00619nam a2200217K  4500
001 003000500-0
005 20020606093309.7
008 930426r1959    xx            000 0 eng d
035 0 $aocm82008703
040   $aFLL$cFLL
100 1 $aChurch, R. J. Harrison.
245 10$aWest African urbanisation,$ba geographical view.
260   $c[1959]
300   $app. 15-28.
500   $aReprinted from the Sociological review, vol. 7:1.
500   $aJuly, 1959.
690  9$aCity planning$zWest Africa.$5des
690  9$aCity planning$xGeographic consid.$5des
690  9$aCities$xGrowth.$5des
988   $a20020608
906   $0MH

