LEADER 00647naa a2200205K  4500
001 003000501-9
005 20020606093309.7
008 930426r1962    xx            000 0 eng d
035 0 $aocm78056702
040   $aFLL$cFLL
100 1 $aChurch, William L.
245 10$aConstitutional law-zoning-regulations excluding churches from residential districts.
260   $c[1962]
500   $aMarch, 1962.
690  9$aZoning$zUnited States. Wis.$5des
690  9$aZoning$xCourt decisions.$5des
690  9$aChurches$xRelation to planning.$5des
773 0 $aReprint of Wisconsin law review, no. 2. March, 1962, pp. 358-366.
988   $a20020608
906   $0MH

