LEADER 00484naa a2200133K  4500
001 003000502-7
005 20080513131825.0
008 930426s1960    xxu           001 0 eng d
040   $aFLL$cFLL
100 1 $aChandler, Lester.
245 10$aResource allocation in a free market economy.
500   $aIN: University of Pennsylvania. Fels Institute of Local and State Government. Metropolitan area problems with particular reference to Philadelphia, 1960, vol. 2; paper 21
988   $a20020608
906   $0MH

