LEADER 00598nam a2200181K  4500
001 003000503-5
005 20020606093309.7
008 930426r19571957xx            000 0 eng d
035 0 $aocm80388295
040   $aFLL$cFLL
245 04$aThe churches and urban redevelopment,$ba panel discussion$cby Harry A. Boswell, John D. Lange, Perry L. Norton, Dennis O'Harrow, and Meryl H. Ruoss.
260   $c1957.
300   $a15 p.$bphotos.
500   $a[Reprinted from The City Church, May-June, 1957.]
690  9$aChurches.$5des
690  9$aChurches$xRel. to urban renewal.$5des
988   $a20020608
906   $0MH

