LEADER 00483naa a2200181K  4500
001 003000504-3
005 20020606093309.7
008 930426s1957    xxu           000 0 eng d
035 0 $aocm80387287
040   $aFLL$cFLL
245 00$aChurches and zoning.
260   $c1957.
690  9$aZoning$xChurches.$5des
690  9$aZoning$xLegisl.$5des
690  9$aZoning$xCourt decisions.$5des
773 0 $aHarvard law review, vol. 70:8, June 1957, pp. 1428-1438.
988   $a20020608
906   $0MH

