LEADER 00485nam a2200193K  4500
001 003000505-1
005 20090712151933.0
008 930426s1936    xx           s000 0 eng d
035 0 $aocm80770889
040   $aFLL$cFLL
100 1 $aDeBoer, S. R.
245 10$aErosion.
260   $bUtah State Planning Board.$c[1936]
300   $a[2] p.
440  2$aA state plan for Utah,$vXVI
500   $aFeb. 1936.
690  9$aSoil erosion$zUnited States. Utah.$5des
988   $a20020608
906   $0MH

