LEADER 00547naa a2200205K  4500
001 003000506-X
005 20020606093309.7
008 930426s1936    xxu           000 0 eng d
035 0 $aocm81156184
040   $aFLL$cFLL
100 1 $aChurchill, Henry S.
245 10$aAmerica's town planning begins.
260   $c[1936]
300   $bplans.
500   $aJune 3, 1936.
690  9$a"Greenbelt" towns.$5des
690  9$aCities, New$zUnited States.$5des
773 0 $aNew republic, vol. 87:1122, June 3, 1936, pp. 96-98.
988   $a20020608
906   $0MH

