LEADER 00523nam a2200205K  4500
001 003000507-8
005 20020606093309.7
008 930426r1944    xx            000 0 eng d
035 0 $aocm71264864
040   $aFLL$cFLL
100 1 $aChurchill, Henry S.
245 14$aThe best laid plans.
260   $c[1944]
300   $app. [145]-155.
500   $aReprinted from the Antioch review, [vol. 4:1.]
690  9$aDecen., Res. and ind.$5des
690  9$aRehabi.$5des
690  9$aMet. dist.$5des
988   $a20020608
906   $0MH

