LEADER 00545nam a2200193K  4500
001 003000508-6
005 20020606093309.7
008 930426s1962    nyu           000 0 eng d
035 0 $aocn188458540
040   $aFLL$cFLL
100 1 $aChurchill, Henry S.
245 14$aThe city is the people.
260   $aN.Y.,$bReynal & Hitchcock,$c[1962]
300   $a186 p.$bphotos., plans, tables.$c20 cm.
690  9$aCity planning.$5des
690  9$aCity planning$xHistory.$5des
690  9$aCity planning$xSocial consid.$5des
988   $a20020608
906   $0MH

