LEADER 00413naa a2200145K  4500
001 003000509-4
005 20020606093309.7
008 930426n        xxu           100 0 eng d
035 0 $aocn188458564
040   $aFLL$cFLL
100 1 $aChurchill, Henry S.
245 10$aConstruction and equipment of the home.
773 0 $aMilbank Memorial Fund, 27th conference. Housing and health..., p. [58]-65.
988   $a20020608
906   $0MH

