LEADER 00503naa a2200145K  4500
001 003000510-8
005 20020606093309.7
008 930426s1943    xxu           000 0 eng d
035 0 $aocm82472660
040   $aFLL$cFLL
100 1 $aChurchill, Henry S.
245 10$aHousing and community planning,$bin Discussions on urbanism [in study group at Columbia University, Planning and Housing Division].
773 0 $aNew pencil points, May 1943, vol. 24:5, p. 77-80; with discussion, p. 80.
988   $a20020608
906   $0MH

