LEADER 00487nam a2200181K  4500
001 003000511-6
005 20080513131851.0
008 930426s1941    cau           001 0 eng d
035 0 $aocn232009560
040   $aFLL$cFLL
100 1 $aChandler, Tertius.
245 10$aGreater cities in the U.S., 1940.
260   $aBerkeley, Calif.,$bThe Author.$c[1941]
300   $a[15]p.$btables.
690  9$aPopulation$zUnited States.$5des
690  9$aCities$xGrowth.$5des
988   $a20020608
906   $0MH

