LEADER 01158cam a2200301Ia 4500
001 003000512-4
005 20090712151934.0
008 930721s1992    ru ach   b    000 0brusod
020   $a5853950193
035 0 $aocm28545312
040   $aPUL$cPUL$dIND$dHLS
041 0 $aruseng
043   $ae-ur---
050 00$aDK258$b.I76 1992
090   $aDK258$b.I76 1992
100 1 $aIroshnikov, M. P.$q(Mikhail Pavlovich)
245 10$aNikolaĭ II, posledniĭ rossiĭskiĭ imperator /$cMikhail Iroshnikov, Li︠u︡dmila Prot︠s︡aĭ, I︠U︡riĭ Shelaev ; [pod obshcheĭ redakt︠s︡ieĭ Mikhaila Iroshnikova].
260   $aSankt-Peterburg :$bDukhovnoe prosveshchenie,$c1992.
300   $a509, [1] p. :$bill., facsims., ports. ;$c30 cm.
500   $aCaptions of illustrations also in English.
504   $aIncludes bibliographical references (p. 509-[510]).
600 00$aNicholas$bII,$cEmperor of Russia,$d1868-1918.
600 30$aRomanov, House of.
651  0$aRussia$xHistory$yNicholas II, 1894-1917.
700 1 $aShelaev, I︠U︡. B.$q(I︠U︡riĭ Borisovich)
700 1 $aProt︠s︡aĭ, Li︠u︡dmila.
988   $a20020608
906   $0OCLC

