LEADER 00563nam a2200205K  4500
001 003000513-2
005 20090712151934.0
008 930426s1936    xx           s000 0 eng d
035 0 $aocm79957373
040   $aFLL$cFLL
100 1 $aDeBoer, S. R.
245 10$aForest extensions.
260   $bUtah State Planning Board.$c[1936]
300   $a[2] p.
490 0 $aState plan for Utah,$v20
690  9$aFor. res.$zUnited States. Utah.$5des
690  9$aState planning$zUnited States. Utah.$5des
710 2 $aUtah State Planning Board.
988   $a20020608
906   $0MH

