LEADER 00559naa a2200205K  4500
001 003000514-0
005 20020606093309.7
008 930426s1945    xxu           000 0 eng d
035 0 $aocm79281080
040   $aFLL$cFLL
100 1 $aChurchill, Henry S.
245 10$aHow to prevent neighborhood decay.
260   $c[1945]
300   $bplans.
500   $aJuly 1945.
690  9$aNeighborhood units.$5des
690  9$aRehabilitation.$5des
773 0 $aBanking, journal of the American Bankers Association. July 1945, pp. 52-53.
988   $a20020608
906   $0MH

