LEADER 00656nam a2200193K  4500
001 003000515-9
005 20020606093309.7
008 930426s1941    nyu           000 0 eng d
035 0 $aocm42357410
040   $aFLL$cFLL
100 1 $aChurchill, Henry S.
245 10$aLet us build a more spacious city;$bstatement submitted at the meeting to commemorate the twenty-fifth anniversary of zoning in New York.
260   $a[N.Y.,$bCitizens' Housing Council of New York]$c[1941]
300   $a4 p.
690  9$aDecentralization, Res. & ind$zUnited States. N.Y., N.Y.$5des
690  9$aCities$xGrowth.$5des
710 2 $aC.H.C. of N.Y.
988   $a20020608
906   $0MH

