LEADER 00432naa a2200145K  4500
001 003000516-7
005 20090712151935.0
008 930426s1936    xxu           000 0 eng d
035 0 $aocm83995560
040   $aFLL$cFLL
100 1 $aDeBoer, S. R.
245 10$aHow city planning programs are made.
773 0 $aAmerican Society of Planning Officials. Planning for city, state, region and nation, [1936], pp. 44-46.
988   $a20020608
906   $0MH

