LEADER 00457naa a2200157K  4500
001 003000517-5
005 20020606093309.7
008 930426s1958    xxu           000 0 eng d
035 0 $aocm75956520
040   $aFLL$cFLL
100 1 $aChurchill, Henry S.
245 10$aNeighborhood esthetics.
690  9$aCity planning$xEsthetic considerations.$5des
773 0 $aForum on neighborhoods, today and tomorrow, no. 4, May 1958, whole number.
988   $a20020608
906   $0MH

