LEADER 00383nam a2200157K  4500
001 003000518-3
005 20020606093309.7
008 930426s1945    nyu           000 0 eng d
035 0 $aocm80618578
040   $aFLL$cFLL
100 1 $aChurchill, Henry S.
245 10$a[Paper given at M.I.T., Oct. 2, 1945].
260   $aN.Y.,$bThe Author,$c1945.
300   $a9 p.
988   $a20020608
906   $0MH

