LEADER 00508naa a2200145K  4500
001 003000519-1
005 20020606093309.7
008 930426s1958    xxu           100 0 eng d
035 0 $aocm81115102
040   $aFLL$cFLL
100 1 $aChruchill, Henry S.
245 10$aReport to accompany the A.I.A. exhibition at the Fifth Congress of the U.I.A., on "Construction and reconstruction of cities 1945-1957."
773 0 $aInternational Union of Architects, Fifth Congress, Moscow, 1958, paper 5.
988   $a20020608
906   $0MH

