LEADER 00535nam a2200181K  4500
001 003000520-5
005 20020606093309.7
008 930426s1949    nyu           000 0 eng d
035 0 $aocm81628404
040   $aFLL$cFLL
100 1 $aChurchill, Henry S.
245 12$aA selected bibliography on the planning and conservation of neighborhhoods.
260   $aN.Y.,$bMcCall's magazine.$c[1949]
300   $a[3] p.
690  9$aNeighborhood units$xBibliography.$5des
690  9$aCity planning$xBibliography.$5des
988   $a20020608
906   $0MH

