LEADER 00448naa a2200145K  4500
001 003000521-3
005 20020606093309.7
008 930426s1947    xxu           100 0 eng d
035 0 $aocm79338914
040   $aFLL$cFLL
100 1 $aChurchill, Henry S.
245 10$aStatement.
773 0 $aPrinceton University Bicentennial Conference on Planning Man's Physical Environment, 1947. [Statements at the Conference], 1947, session V.
988   $a20020608
906   $0MH

