LEADER 00457naa a2200145K  4500
001 003000522-1
005 20090712151935.0
008 930426s1938    xxu           100 0 eng d
035 0 $aocm84570121
040   $aFLL$cFLL
100 1 $aDeBoer, S. R.
245 14$aThe importance of governmental standards.
773 0 $aPacific Southwest Planning Conference, Santa Barbara, Calif., 1938. Proceedings, 1938, p. 30-33; with discussion, p. 33-35.
988   $a20020608
906   $0MH

