LEADER 01237nam a2200313K  4500
001 003000523-X
005 20090712151935.0
008 930426s1955    pau           000 0 eng d
035 0 $aocm78127042
040   $aFLL$cFLL
100 1 $aChurchill, Henry S.
245 12$aA statement on housing and urban renewal policy for Philadelphia,$cby Henry S. Churchill, Jefferson B. Fordham. Howard W. Hallman, Aaron Levine, William H. Ludlow, Martin Meyerson, Robert B. Mitchell, Dorothy S. Montgomery, G. Holmes Perkins, David A. Wallace, William L.C. Wheaton.
260   $a[Philadelphia, Pa.,$bPhiladelphia Housing Association]$c[1955]
300   $a16 p.$btables.
500   $aOct. 1955.
690  9$aHousing$zUnited States. Philadelphia, Pa.$5des
690  9$aUrban renewal$zUnited States. Philadelphia, Pa.$5des
700 1 $aMitchell, Robert B.$q(Robert Buchanan),$d1906-1993.
700 1 $aFordham, Jefferson B.
700 1 $aHallman, Howard W.
700 1 $aLevine, Aaron,$d1917-
700 1 $aLudlow, William H.
700 1 $aMeyerson, Martin.
700 1 $aMontgomery, Dorothy S.
700 1 $aPerkins, G. Holmes.
700 1 $aWallace, David A.
700 1 $aWheaton, William L. C.,$d1913-
988   $a20020608
906   $0MH

