LEADER 00428naa a2200145K  4500
001 003000524-8
005 20020606093309.7
008 930426s1962    xxu           000 0 eng d
035 0 $aocm79096484
040   $aFLL$cFLL
100 1 $aChurchill, Henry S.
245 10$aUrban regions: the challenges and achievements in human values.
773 0 $aAmerican Society of Planning Officials. Planning 1962, p. 161-166.
988   $a20020608
906   $0MH

