LEADER 00410naa a2200145K  4500
001 003000525-6
005 20020606093309.7
008 930426s1944    xxu           000 0 eng d
035 0 $aocm82789474
040   $aFLL$cFLL
100 1 $aChurchill, Henry S.
245 10$aWar housing remainders: postwar slums.
773 0 $aZucker, Paul, ed. New architecture and city planning, [1944], p. 308-310.
988   $a20020608
906   $0MH

