LEADER 00557nam a2200193K  4500
001 003000526-4
005 20020606093309.7
008 930426s1926    azu           000 0 eng d
035 0 $aocm77674843
040   $aFLL$cFLL
110 1 $aChandler (Ariz.).$kOrdinances.
245 10$aBuilding zone ordinance.$bAdopted April 23, 1926. Ordinance no. 22.
260   $aChandler, Ariz.$c[1926]
300   $a35 p.$bmaps.
500   $aMay 1926.
690  9$aZoning$xLegislation.$5des
690  9$aZoning$zUnited States. Chandler, Ariz.$5des
988   $a20020608
906   $0MH

