LEADER 00399naa a2200145K  4500
001 003000527-2
005 20090712151935.0
008 930426s1932    xxu           000 0 eng d
035 0 $aocm80992433
040   $aFLL$cFLL
100 1 $aDeBoer, S. R.
245 10$aMass transportation in Denver.
773 0 $aAmerican Civic Association. American civic annual, 1932, vol. 4, p. 198-199.
988   $a20020608
906   $0MH

