LEADER 00724naa a2200217K  4500
001 003000528-0
005 20020606093309.7
008 930426s1959    xxu           000 0 eng d
035 0 $aocm79966966
040   $aFLL$cFLL
100 1 $aChurchill, Michael.
245 10$aDesign School pioneers in creative approach:$bpractical orientation distinguishes courses offered in various programs.
260   $c[1959]
300   $bphotos.
500   $aApr. 11, 1959.
690  9$aCity planning$xStudy and teaching.$5des
690  9$aLandscape architecture$xStudy and teaching.$5des
710 2 $aHarvard University.$bGraduate School of Design.
773 0 $aThe Harvard crimson. Apr. 11, 1959, pp. 4,5.
988   $a20020608
906   $0MH

