LEADER 00601naa a2200193K  4500
001 003000529-9
005 20020606093309.7
008 930426s1940    xxu           000 0 eng d
035 0 $aocm81811936
040   $aFLL$cFLL
100 1 $aChurchill, Roy.
245 10$aBoston: a heritage of bad housing.$bGlimpse of slum background outlines problems; shows why present task is hard.
260   $c[1940]
300   $bphotos.
500   $aJan. 6, 1940.
690  9$aHousing$zUnited States. Boston, Mass.$5des
773 0 $aBoston evening transcript. Jan. 6, 1940, p. 1, section 5.
988   $a20020608
906   $0MH

