LEADER 00664naa a2200145K  4500
001 003000530-2
005 20020606093309.7
008 930426s1958    xxu           000 0 eng d
035 0 $aocm81348910
040   $aFLL$cFLL
100 1 $aChandrasekhara, C. S.
245 10$aGeneral report on "Implementation of recommendations of international seminars and conferences on housing and town planning held in the East Asia region.
773 0 $aEast Asia Regional Organization for Planning & Housing. Proceedings of the second regional conference on housing and town planning, August, 1958, Tokyo, Japan. New Delhi, India, The Organization, 1958, p. 9-11.
988   $a20020608
906   $0MH

