LEADER 00945nam a2200241K  4500
001 003000531-0
005 20020606093309.7
008 930426s1966    mau           000 0 eng d
035 0 $aocm78720151
040   $aFLL$cFLL
100 1 $aCiardullo, John J.,$cJr.
245 10$aBoston University law and education building,$cby John J. Ciardullo, J. David Smith and William L. Whitney.
260   $aCambridge,$bHarvard University, Dept. of Architecture,$c1966.
300   $a1 v. (unpaged)$billus., plans, diagrs., sections.
500   $aArch. 6-36, Architectural Practice
500   $aArchitects: Sert, Jackson & Gourley, and Edwin T. Steffian and Assoc.
700 2 $aBoston University.$bSchool of Law and Education.$bBuilding.
700 1 $aSmith, J. David.
700 1 $aWhitney, William L.
710 2 $aSert, Jackson & Gourley.
710 2 $aHarvard University.$bDepartment of Architecture.$tStudent problems.
988   $a20020608
906   $0MH

