LEADER 00593nam a2200193K  4500
001 003000532-9
005 20020606093309.7
008 930426s1948    nju           000 0 eng d
035 0 $aocm84474167
040   $aFLL$cFLL
245 00$aCIBA symposia,$nvol. 9:12.$pHealth and the modern city.
260   $aSummit, N.J.,$bCiba Pharmaceutical Products, Inc.$c[1948]
300   $app. 858-892.$bphotos., maps, sketches.
500   $aMay-June 1948.
690  9$aPublic health.$5des
690  9$aCity planning$xHealth consid.$5des
690  9$aHousing$xHealth consid.$5des
988   $a20020608
906   $0MH

