LEADER 00666nam a2200193K  4500
001 003000533-7
005 20020606093309.7
008 930426s1952    cou           000 0 eng d
035 0 $aocm81660241
040   $aFLL$cFLL
110 0 $aDe Boer, S.R., (and Co.)
245 10$aMaster plan for a Botanic Garden in Denver.
260   $a[Denver, Colo.,$bThe Authors]?$c[1952?]
300   $a[71] p.$bplans, sketches.
500   $aApproved by Board of Trustees, Botanical Gardens Foundation of Denver, Inc., Oct. 20, 1952.
690  9$aBotanic gardens$zUnited States. Denver, Colorado.$5des
710 2 $aBotanic Gardens Foundation of Denver, Inc.
988   $a20020608
906   $0MH

