LEADER 00531naa a2200145K  4500
001 003000534-5
005 20020606093309.7
008 930426s1958    xxu           000 0 eng d
035 0 $aocm80077553
040   $aFLL$cFLL
100 1 $aChandrasekhara, C. S.
245 10$aStatement.
773 0 $aEast Asia Regional Organization for Planning & Housing. Proceedings of the second regional conference on housing and town planning, August, 1958, Tokyo, Japan. New Delhi, India, The Organization, 1958, p.4-6; with photo.
988   $a20020608
906   $0MH

