LEADER 00488nam a2200181K  4500
001 003000537-X
005 20020606093309.7
008 930426s1923    ilu           000 0 eng d
035 0 $aocm80988699
040   $aFLL$cFLL
110 1 $aCicero (Ill.).$kOrdinances.
245 10$aZoning ordinance.$bDec. 3, 1923.
260   $aCicero, Ill.,$c1923.
300   $a[4] p.$bmaps.
690  9$aZoning$zUnited States. Cicero, Ill.$5des
690  9$aZoning$xLegislation.$5des
988   $a20020608
906   $0MH

