LEADER 00553nam a2200193K  4500
001 003000539-6
005 20020606093309.7
008 930426s1949    onc           000 0 fre d
035 0 $aocn188458642
040   $aFLL$cFLL
100 1 $aCimon, Jean,$d1923-
245 10$aUrbanisme et citoyens.
260   $aOttawa,$bL'Association Canadianne d'Urbanisme,$c1949.
300   $a27 p.$bsketches.
690  9$aCity planning$zCanada.$5des
690  9$aCity planning$xPublicity.$5des
710 2 $aL'Association Canadianne d'Urbanisme.
988   $a20020608
906   $0MH

