LEADER 00419nam a2200169K  4500
001 003000540-X
005 20090712151936.0
008 930426s1935    xx           s000 0 eng d
035 0 $aocm83350667
040   $aFLL$cFLL
100 1 $aDeBoer, S. R.
245 10$aPolicy planning for Utah.
260   $b[Utah State Planning Board.]$c[1935]
300   $a19 p.
710 2 $aUtah State Planning Board.
988   $a20020608
906   $0MH

