LEADER 00503naa a2200169K  4500
001 003000541-8
005 20020606093309.7
008 930426s1908    xxu           000 0 eng d
035 0 $aocn188458658
040   $aFLL$cFLL
100 1 $aCommons, John R.$q(John Rogers),$d1862-1945.
245 10$aStandardization of housing investigations.
260   $aBoston.
690  9$aHousing.$5des
773 0 $aAmerican statistical ass'n. Quarterly publication vol. 11, no. 84. Dec. 1908. n.s.
988   $a20020608
906   $0MH

