LEADER 00871nam a2200241K  4500
001 003000542-6
005 20020606093309.7
008 930426s1974    xx            000 0 eng d
035 0 $aocm82578158
040   $aFLL$cFLL
100 1 $aChang, Shyh-Dean.
245 10$aUrban analytical method, linear programming and the simplex method.
260   $aSingapore,$c[1974].
300   $a35 p.$bdiagrs., tables.
500   $aFaculty member, University of Singapore, Faculty of Architecture and Building, Urban Planning Programme.
504   $aBibliography, pp. 29-35.
690  9$aCity planning$xStudy and teaching. Singapore.$5des
690  9$aLinear programming.$5des
690  9$aOperations research.$5des
690  9$aModels, Mathematical$xCity planning.$5des
710 2 $aUniversity of Singapore.$bFaculty of Architecture & Building.
988   $a20020608
906   $0MH

