LEADER 00441nam a2200169K  4500
001 003000543-4
005 20020606093309.7
008 930426n        enk           000 0 eng d
035 0 $aocm82054107
040   $aFLL$cFLL
110 2 $aCommons and Footpaths Preservation Society.
245 10$a[Prospectus.]
260   $aLondon,$bThe Society.$c[n.d.]
300   $a11 p.$bphotos.
690  9$aLandscape preservation.$5des
988   $a20020608
906   $0MH

