LEADER 00552nam a2200193K  4500
001 003000544-2
005 20090712151936.0
008 930426s1936    utu          s000 0 eng d
035 0 $aocm35894829
040   $aFLL$cFLL
100 1 $aDeBoer, S. R.
245 10$aProgress report, December, 1935 to June 1936.
260   $a[Salt Lake City],$bUtah State Planning Board,$c[1936]
300   $a8 p.$c30 cm.
500   $aJune 15, 1936.
690  9$aState planning$zUnited States. Utah.$5des
710 2 $aUtah State Planning Board.
988   $a20020608
906   $0MH

