LEADER 00433naa a2200145K  4500
001 003000545-0
005 20090712151937.0
008 930426s1929    xxu           000 0 eng d
035 0 $aocm81921497
040   $aFLL$cFLL
100 1 $aDeBoer, S. R.
245 10$aRecreational facilities in the city plan.
773 0 $aAmerican Society for Municipal Improvements. Proceedings, 1929, vol. 35, p. 45-54; with map, plans.
988   $a20020608
906   $0MH

