LEADER 00587nam a2200193K  4500
001 003000546-9
005 20020606093309.7
008 930426s1913    enk           000 0 eng d
035 0 $aocm83069326
040   $aFLL$cFLL
110 2 $aCommons and Footpaths Preservation Society.$bKent and Surrey Committee.
245 10$aReport for the years 1911-12.
260   $aLondon,$bThe Society.$c[1913]
300   $a39 p.
690  9$aLandscape pres.$zGreat Britain. England.$5des
691  9$aKent, Eng.$xDescription.$5des
691  9$aSurrey, Eng.$xDescription.$5des
988   $a20020608
906   $0MH

