LEADER 00471nam a2200181K  4500
001 003000547-7
005 20020606093309.7
008 930426s1963    dcu           000 0 eng d
035 0 $aocm78576737
040   $aFLL$cFLL
130 0 $aChanging times, the Kiplinger magazine.
245 10$aCareers in planning.
260   $aWashington,$bThe Editors.$c[1963].
300   $a4 p.
500   $aFeb.1963.
690  9$aCity planning$xProf.practice.$5des
988   $a20020608
906   $0MH

