LEADER 00458naa a2200145K  4500
001 003000548-5
005 20090712151937.0
008 930426m19281929xxu           000 0 eng d
035 0 $aocm80479379
040   $aFLL$cFLL
100 1 $aDeBoer, S. R.
245 10$aRelative value of pedestrian, automobile and street car use of public streets.
773 0 $aAmerican Society for Municipal Improvements. Proceedings, 1928-9, p. 123-125; with map.
988   $a20020608
906   $0MH

