LEADER 00478nam a2200169K  4500
001 003000550-7
005 20020606093309.7
008 930426s1933    enk           000 0 eng d
035 0 $aocm84414606
040   $aFLL$cFLL
110 2 $aCommons, Open Spaces and Footpaths Preservation Society.
245 10$aFootpath maps and surveys, why and how to make them.
260   $aLondon,$bThe Society,$c[1933?]
300   $a8 p.$c25 cm.
690  9$aFootways.$5des
988   $a20020608
906   $0MH

