LEADER 00544nam a2200169K  4500
001 003000551-5
005 20020606093309.7
008 930426s1965    dcu           000 0 eng d
035 0 $aocm82014872
040   $aFLL$cFLL
130 0 $aChanging Times, vol. 19, no. 9, September 1965.
245 10$aKeep your town's historic landmarks - the past can tell a living story if bulldozers don't bury it first.
260   $aWashington, D.C.,$c1965.
300   $a[11-14]p.$billus.
690  9$aHistoric features$xPreservation.$5des
988   $a20020608
906   $0MH

