LEADER 00530nam a2200181K  4500
001 003000552-3
005 20020606093309.7
008 930426s1961    enk           000 0 eng d
035 0 $aocm79833681
040   $aFLL$cFLL
110 2 $aCommons, Open Spaces and Footpaths Preservation Society, Great Britain.
245 14$aThe future of common lands.
260   $aLondon,$bThe Society.$c[1961?]
300   $a8 p.
690  9$aPublic open spaces$zGreat Britain.$5des
690  9$aCommons$zGreat Britain.$5des
988   $a20020608
906   $0MH

