LEADER 00569nam a2200169K  4500
001 003000553-1
005 20020606093309.7
008 930426s1936    enk           000 0 eng d
035 0 $aocm77928710
040   $aFLL$cFLL
110 2 $aCommons, Open Spaces and Footpaths Preservation Society.
245 10$aHudnall Common, Hertfordshire;$ban appeal for contributions...to secure for all time 116 acres of open space...
260   $aLondon,$bThe Society.$c[1936?]
300   $a[6] p.$bphotos, maps.
690  9$aCommons$zGreat Britain. England.$5des
988   $a20020608
906   $0MH

