LEADER 00708nam a2200217K  4500
001 003000554-X
005 20090712151937.0
008 930426s1923    cou           000 0 eng d
035 0 $aocn188458706
040   $aFLL$cFLL
100 1 $aDeBoer, S. R.
245 10$aUniversity Park report.
260   $aDenver,$bUniversity Park Community Association,$c[1923].
300   $a15 p.$bphotos., map, plans (pt. fold.),$c31 cm.
690  9$aDistricts, Res., High-class.$5des
690  9$aCity planning$zUnited States. Denver, Colorado.$5des
690  9$aDistricts$xChanges.$5des
691  9$aDenver, Colorado. University Park.$5des
710 2 $aUniversity Park Community Association.
988   $a20020608
906   $0MH

