LEADER 00574nam a2200181K  4500
001 003000555-8
005 20020606093309.7
008 930426s1956    enk           000 0 eng d
035 0 $aocm30182416
040   $aFLL$cFLL
110 2 $aCommons, Open Spaces and Footpaths Preservation Society.
245 10$aMemorandum of written evidence submitted to the Royal Commission on Common Land.
260   $a[London?],$bThe Society.$c1956.
300   $a22 p.
690  9$aCommons$zGreat Britain.$5des
710 1 $aGreat Britain.$bRoyal Commn on Common Land.
988   $a20020608
906   $0MH

