LEADER 00525nam a2200181K  4500
001 003000556-6
005 20020606093309.7
008 930426s1917    xx            000 0 eng d
035 0 $aocm83069331
040   $aFLL$cFLL
100 1 $aChanler, L. S.,$cMrs.
245 10$aAlpine plants for the rock garden;$bdelivered before the [Massachusetts Horticultural] Society...June 2, 1917.
260   $c[1917]
300   $app. 17-32.$bPhotos.
690  9$aPlants, Rock.$5des
690  9$aPlants, Alpine.$5des
988   $a20020608
906   $0MH

