LEADER 00510nam a2200181K  4500
001 003000558-2
005 20020606093309.7
008 930426s1933    enk           000 0 eng d
035 0 $aocm78127047
040   $aFLL$cFLL
110 2 $aCommons, Open Spaces and Footpaths Preservation Society.
245 10$aParish councils and the Rights of Way Act, 1932.
260   $aLondon,$bThe Society,$c[1933?]
300   $a7 p.$c25 cm.
690  9$aRights of way.$5des
690  9$aFootways.$5des
988   $a20020608
906   $0MH

