LEADER 00567nam a2200181K  4500
001 003000559-0
005 20020606093309.7
008 930426s1932    enk           000 0 eng d
035 0 $aocm82687131
040   $aFLL$cFLL
110 2 $aCommons, Open Spaces and Footpaths Preservation Society.
245 14$aThe Rights of Way Act, 1932;$ban explanation of the Act as affecting the proof of dedication of highways.
260   $aLondon,$bThe Society,$c[1932?]
300   $a8 p.$c25 cm.
690  9$aRights of way.$5des
690  9$aFootways.$5des
988   $a20020608
906   $0MH

