LEADER 00823nam a2200193K  4500
001 003000560-4
005 20020606093309.7
008 930426s1950    enk           000 0 eng d
035 0 $aocm71084882
040   $aFLL$cFLL
110 2 $aCommons, Open Spaces and Footpaths Preservation Society.
245 10$aSurveys and maps of public rights of way for the purposes of part IV of the National Parks and Access to the Countryside Act, 1949.
260   $a[London],$bThe Society.$c1950.
300   $a15 p.
500   $aMemorandum prepared by the Commons, Open Spaces and Footpaths Preservation Society in collaboration with the Ramblers Association...and approved by the Ministry of Town and Country Planning.
690  9$aFootways$zGreat Britain.$5des
690  9$aRights of way$zGreat Britain.$5des
988   $a20020608
906   $0MH

