LEADER 00489nam a2200181K  4500
001 003000561-2
005 20020606093309.7
008 930426s1938    mau           000 0 eng d
035 0 $aocm78692456
040   $aFLL$cFLL
110 2 $aChanning, Walter, Inc.
245 10$aChestnut Hill Golf Club subdivision.
260   $aBoston,$bThe Author.$c[1938]
300   $a[5] p.$bPhotos, maps.
710 1 $aBrookline (Mass.).$bChestnut.
710 2 $aHill Golf Club Subdiv.
988   $a20020608
906   $0MH

