LEADER 00536nam a2200193K  4500
001 003000562-0
005 20090712151937.0
008 930426s1936    xx           s000 0 eng d
035 0 $aocm71086610
040   $aFLL$cFLL
100 1 $aDeBoer, S. R.
245 10$aWashington County policies.
260   $bUtah State Planning Board.$c[1936]
300   $a12 p.$btables.
500   $aMar. 5, 1936.
690  9$aCounty planning$zUnited States. Utah. Washington County.$5des
710 2 $aUtah State Planning Board.
988   $a20020608
906   $0MH

