LEADER 00564nam a2200205K  4500
001 003000563-9
005 20090712151937.0
008 930426s1936    xx           s000 0 eng d
035 0 $aocm79881874
040   $aFLL$cFLL
100 1 $aDeBoer, S. R.
245 10$aWells;$brodents.
260   $bUtah State Planning Board.$c[1936]
300   $a[2] p.
490 0 $aState plan for Utah,$v23
690  9$aWater supply$zUnited States. Utah.$5des
690  9$aState planning$zUnited States. Utah.$5des
710 2 $aUtah State Planning Board.
988   $a20020608
906   $0MH

