LEADER 00507nam a2200181K  4500
001 003000564-7
005 20020606093309.7
008 930426s1934    mau           000 0 eng d
035 0 $aocm83881779
040   $aFLL$cFLL
110 2 $aChanning, Walter, Inc.
245 10$aChiltern Hundreds in Wellesley and Weston, Mass.$b[A map.]
260   $aBoston,$bThe Author.$c[1934]
300   $a1 (folded) p.$bmaps.
500   $aApr. 1934.
710 1 $aWellesley (Mass.).$bChiltern Hundreds.
988   $a20020608
906   $0MH

