LEADER 00657nam a2200193K  4500
001 003000565-5
005 20020606093309.7
008 930426s1953    cau           000 0 eng d
035 0 $aocm83281704
040   $aFLL$cFLL
110 2 $aCommonwealth (Organization)
245 10$aFreeways--good or bad for small cities, property owners, business?
260   $aSan Francisco, Calif.,$bCommonwealth Club of California.$c[1953]
300   $a[31] p.$btables.
500   $aFeb. 23, 1953.
500   $aVol. 47, Transactions of the ...Club, no. 3, published as part 2 of The Commonwealth, vol. 29:8
690  9$aFreeways$xEcon consid.$5des
988   $a20020608
906   $0MH

