LEADER 00384naa a2200145K  4500
001 003000566-3
005 20090712151938.0
008 930426s1920    xxu           000 0 eng d
035 0 $aocm78104969
040   $aFLL$cFLL
100 1 $aDeBoer, S. R.
245 10$aWestern landscape architecture.
773 0 $a[Denver] Municipal facts, Sept. 1920, p. 9; 12; with photos.
988   $a20020608
906   $0MH

