LEADER 00430naa a2200145K  4500
001 003000567-1
005 20090712151938.0
008 930426s1928    xxu           100 0 eng d
035 0 $aocm82472662
040   $aFLL$cFLL
100 1 $aDeBoer, S. R.
245 12$aA western view of the planning of undeveloped areas.
773 0 $aNational Conference on City Planning, Proceedings, 1928, p. 171-183; with discussion.
988   $a20020608
906   $0MH

