LEADER 00983nam a2200241K  4500
001 003000568-X
005 20090712151938.0
008 930426s1974    dcu          f000 0 eng d
035 0 $aocm80354323
040   $aFLL$cFLL
100 1 $aChansky, Steven.
245 10$aWaste automotive lubricating oil reuse as a fuel,$cby Steven Chansky [and others].
260   $aWashington, D.C.,$bU.S. Govt. Print. Off.,$c1974.
300   $a158 p.$bdiagrs., tables.$c27 cm.
490 1 $aSocio-economic environmental studies series,$v600/5-74-032
500   $aPrepared for U.S. Environmental Protection Agency, Office of Research and Development.
690  9$aSalvage of wastes.$5des
690  9$aWaste disposal, Oil.$5des
690  9$aFuel resources.$5des
710 1 $aUnited States.$bEnvironmental Protection Agency.$bOffice of Research and Development.
830  0$aResearch reporting series.$n5,$pSocioeconomic environmental studies series ;$v600/5-74-032.
988   $a20020608
906   $0MH

