LEADER 00569nam a2200169K  4500
001 003000569-8
005 20020606093309.7
008 930426m18981919quc           000 0 fre d
035 0 $aocm82930126
040   $aHLS$cHLS
110 2 $aCatholic Church.
245 10$aOrdo des offices chantés les dimanches et fêtes d'obligation dans la province ecclésiastique de Montréal pour l'année 1899[-1920.
260   $a[Colophon: Montréal,$bArbour & Laperle,]$c1898-1919.
300   $c12mo
710 2 $aCatholic Church.$kLiturgy$tDirectory$gMontréal.
988   $a20020608
906   $0MH

