LEADER 00432nam a2200169K  4500
001 003000570-1
005 20020606093309.7
008 930426s1898    xx            000 0 lat d
035 0 $aocm80988995
040   $aHLS$cHLS
110 2 $aCatholic Church.
245 10$aAppendix pro Ecclesia Jaciensi.
260   $a[Tornaci,$c1898.]
300   $a4 pts.$c12mo
710 2 $aCatholic Church.$kLiturgy$tBreviary$gJaca.
988   $a20020608
906   $0MH

