LEADER 00499nam a2200169K  4500
001 003000571-X
005 20020606093309.7
008 930426s1898    gw            000 0 lat d
035 0 $aocm80606200
040   $aHLS$cHLS
110 2 $aCatholic Church.
245 10$aDie 27. Januarii.$bIn festo B. Mariæ V. titulo Regina Prophetarum.
260   $a[Ratisbonæ,$btypis Friderici Pustet,$c1898.]
300   $app. (2).$cfol.
710 2 $aCatholic Church.$kLiturgy$tMissal$sJan. 27.
988   $a20020608
906   $0MH

