LEADER 00607nam a2200181K  4500
001 003000572-8
005 20020606093309.7
008 930426s1941    ohu           000 0 eng d
035 0 $aocm81183065
040   $aFLL$cFLL
110 2 $aCleveland Chamber of Commerce (Cleveland, Ohio).$bLakefront Development Committee.
245 10$aReport.
260   $aCleveland,$bThe Chamber,$c[1941].
300   $a7 p.$bmaps (part folded),$c30 cm.
690  9$aCity planning$zUnited States. Cleveland, Ohio.$5des
690  9$aCity planning$xWaterfronts, Rec.$zUnited States. Cleveland, Ohio.$5des
988   $a20020608
906   $0MH

