LEADER 00536nam a2200181K  4500
001 003000573-6
005 20020606093309.7
008 930426s1898    fr            000 0 lat d
035 0 $aocm84446543
040   $aHLS$cHLS
110 2 $aCatholic Church.
245 10$aDie v Julii.$bIn festo S. Antonii Mariæ Zaccaria confessoris.
260   $a[Paris,$bLib. Ch. Poussielgue, impr. F. Levé,$c1898.]
300   $app. 3, (1).$c12mo
700 1 $aValfray, Pierre,$eed.
710 2 $aCatholic Church.$kLiturgy$tGradual.
988   $a20020608
906   $0MH

