LEADER 00473nam a2200169K  4500
001 003000574-4
005 20020606093309.7
008 930426s1898    quc           000 0 lat d
035 0 $aocm83142555
040   $aHLS$cHLS
110 2 $aCatholic Church.
245 10$aDie v. Julii S. Antonii Mariæ Zaccaria confessoris.
260   $a[Montréal,$btyp. Arbour & Laperle,$c1898.]
300   $app. (2).$cfol.
710 2 $aCatholic Church.$kLiturgy$tMissal.
988   $a20020608
906   $0MH

