LEADER 00482nam a2200169K  4500
001 003000575-2
005 20020606093309.7
008 930426s1898    gw            000 0 lat d
035 0 $aocm78898467
040   $aHLS$cHLS
110 2 $aCatholic Church.
245 10$aDie 5. Julii. S. Antonii Mariæ Zaccaria conf.
260   $a[Ratisbonæ,$bsumptibus et typis Fr. Pustet,$c1898.]
300   $app. 2.$cfol.
710 2 $aCatholic Church.$kLiturgy$tMissal$sJuly 5.
988   $a20020608
906   $0MH

