LEADER 00527nam a2200169K  4500
001 003000576-0
005 20020606093309.7
008 930426s1898    xx            000 0 lat d
035 0 $aocm83162933
040   $aHLS$cHLS
110 2 $aCatholic Church.
245 10$aDie v. Julii S. Antonii Mariæ Zaccaria conf., Clerr. Regg. et Angelicarum Virg. S. Pauli fundatoris.
260   $a[Taurini,$bP. Marietti,$c1898.]
300   $app. 7, (1).$c4to
710 2 $aCatholic Church.$kLiturgy$tC.O., Officia propria.
988   $a20020608
906   $0MH

