LEADER 00496nam a2200169K  4500
001 003000577-9
005 20020606093309.7
008 930426s1898    xx            000 0 lat d
035 0 $aocm77784558
040   $aHLS$cHLS
110 2 $aCatholic Church.
245 10$aDie xxii. Junii.$bIn festo beati Innocentii V. papae, confessoris.
260   $a[Tornaci,$btypis Soc. S. Joannis,$c1898.]
300   $app. 2, (2).$c12mo
710 2 $aCatholic Church.$kLiturgy$tBreviary$gRome.
988   $a20020608
906   $0MH

