LEADER 00477nam a2200169K  4500
001 003000578-7
005 20020606093309.7
008 930426m    1923ohu          l000 0 eng d
035 0 $aocm81921502
040   $aFLL$cFLL
110 1 $aClevland, Ohio.$bCity Plan Commission.
245 10$aCarnegie Ave. extension, proposed overcrossing at 105 St.
260   $c[Prior to 1923]
300   $a[1 sheet]
690  9$aStreets$xCrossings at separated grades.$5des
988   $a20020608
906   $0MH

