LEADER 00497nam a2200169K  4500
001 003000579-5
005 20020606093309.7
008 930426s1898    fr            000 0 lat d
035 0 $aocm80171001
040   $aHLS$cHLS
110 2 $aCatholic Church.
245 10$aDie iv Maii.$bIn festo B. Joannis Baptistae de la Salle. [Missa et Officium.]
260   $a[Paris,$bF. Levé,$c1898.]
300   $a2 pts.$c12mo
710 2 $aCatholic Church.$kLiturgy$tC.O., Choir Book.$sMay 4.
988   $a20020608
906   $0MH

