LEADER 00548nam a2200181K  4500
001 003000580-9
005 20020606093309.7
008 930426s1925    ohu          l000 0 eng d
035 0 $aocm78272909
040   $aFLL$cFLL
110 1 $aCleveland (Ohio).$bCity Planning Commission.
245 10$aRegulations governing platting of land in the city of Cleveland.
260   $aCleveland,$bThe Com.,$c1925.
300   $a7 p.$c26 cm.
690  9$aPlats, City$xLegis.$5des
690  9$aCity planning$zUnited States. Cleveland.$5des
988   $a20020608
906   $0MH

