LEADER 00663nam a2200193K  4500
001 003000581-7
005 20020606093309.7
008 930426s1916    ohu          l000 0 eng d
035 0 $aocm83162938
040   $aFLL$cFLL
110 1 $aCleveland, Ohio.$bCity Planning Commission.
245 10$aRegulations governing the allotting of property and laying out of streets other than main thoroughfares in the city of Cleveland.
260   $a[Cleveland, Ohio,$bThe Commmission.]$c[1916]
300   $a7 p.
500   $aOct. 25, 1916.
690  9$aPlats, City$xLegislation.$5des
690  9$aCity planning$zUnited States. Cleveland, Ohio.$5des
988   $a20020608
906   $0MH

