LEADER 00466nam a2200169K  4500
001 003000582-5
005 20020606093309.7
008 930426s1898    gw            000 0 ger d
035 0 $aocm80606203
040   $aHLS$cHLS
110 2 $aCatholic Church.
245 10$aDie 26. Martii.$bS. Boni Latronis confessoris.
260   $a[Ratisbonæ,$bFr. Pustet,$c1898.]
300   $app. 8.$c12mo
710 2 $aCatholic Church.$kLiturgy$tBreviary$sMar. 26.
988   $a20020608
906   $0MH

