LEADER 00539nam a2200193K  4500
001 003000583-3
005 20020606093309.7
008 930426s1921    ohu          l000 0 eng d
035 0 $aocm83761481
040   $aFLL$cFLL
110 1 $aCleveland (Ohio).$bCity Plan Commission.
245 10$aReport of the jury on the Erie Street Cemetery competition.
260   $c[1921]
300   $a3 p.
500   $aJanuary 4, 1921.
690  9$aCemeteries$xDesign.$5des
690  9$aLandscape architecture$xCompetitions.$5des
988   $a20020608
906   $0MH

