LEADER 00498nam a2200169K  4500
001 003000584-1
005 20020606093309.7
008 930426s1898    xx            000 0 lat d
035 0 $aocm83083664
040   $aHLS$cHLS
110 2 $aCatholic Church.
245 10$aDie xiv. Novembris.$bPro. commen. Nicolai de Tavileis martyris I. Ordinis.
260   $a[Mechliniae,$bH. Dessain,$c1898.]
300   $app. 1+.$c12mo
710 2 $aCatholic Church.$kLiturgy$tBreviary$sFranciscan.
988   $a20020608
906   $0MH

