LEADER 00539nam a2200169K  4500
001 003000585-X
005 20020606093309.7
008 930426s1898    ng            000 0 lat d
035 0 $aocm82789160
040   $aHLS$cHLS
110 2 $aCatholic Church.
245 10$aDirectorium Divini Officii et Missarum ad usum sanctæ apostolicæ [!] Granatensis pro A.D. 1899.
260   $aGranatæ,$btypis viduæ et filiorum Paulini V. Sabatel,$c1898.
300   $c16mo
710 2 $aCatholic Church.$kLiturgy$tDirectory$gGranada.
988   $a20020608
906   $0MH

