LEADER 00612nam a2200181K  4500
001 003000586-8
005 20020606093309.7
008 930426m19241927ohu          l000 0 eng d
035 0 $aocm79966972
040   $aFLL$cFLL
110 1 $aCleveland (Ohio).$bCity Planning Commission.
245 10$aStreets widened by dedication and new streets and street widenings secured in new plats.
260   $aCleveland,$bThe Commission.$c1924-1927.
690  9$aStreets$xWidening.$5des
690  9$aCity planning$zUnited States. Cleveland, O.$5des
690  9$aPlats, City$zUnited States. Cleve.$5des
988   $a20020608
906   $0MH

