LEADER 00673nam a2200169K  4500
001 003000587-6
005 20020606093309.7
008 930426s1898    sp            000 0 lat d
035 0 $aocm79966977
040   $aHLS$cHLS
110 2 $aCatholic Church.
245 10$aDirectorium S.A.M. ecclesiae totiusque archid.$bCompostellanae ad Divinum Offic. persolvendum, sacrumque faciendum, juxta Breviarii et Missalis Romanis rubricas, et novissimum S.R.C. decretum 2 Decembris 1897 pro A.D. 1899.
260   $aCompostellae,$bTypographia Seminarii Conciliaris Centralis,$c1898.
300   $c16mo
710 2 $aCatholic Church.$kLiturgy$tDirectory$gCompostella.
988   $a20020608
906   $0MH

