LEADER 00627nam a2200193K  4500
001 003000588-4
005 20020606093309.7
008 930426m19251928pau           000 0 eng d
035 0 $aocm78620374
040   $aHMG$cHMG
090   $aBV1580$b.S6
100 1 $aSomerndike, John Mason,$d1877-1939.
245 10$aTeachers manual of weekday Bible lessons,$ccompiled by John M. Somerndike with Walter Albion Squires.
260   $aPhiladelphia,$bPresbyterian Board of Christian Education,$c1925-28.
300   $a3 v. (years 1-3)
630 00$aBible$xStudy and teaching.
700 1 $aSquires, Walter Albion.
988   $a20020608
906   $0MH

