LEADER 00517nam a2200169K  4500
001 003000589-2
005 20020606093309.7
008 930426s1898    gw            000 0 lat d
035 0 $aocm83615875
040   $aHLS$cHLS
110 2 $aCatholic Church.
245 10$aDominica diem 22. Octobris im̃ediate sequ., vel alia die.$bIn festo B. Mariæ Virg. titulo de Pace.
260   $a[Ratisbonæ,$btypis Fr. Pustet,$c1898.]
300   $app. (2).$cfol.
710 2 $aCatholic Church.$kLiturgy$tMissal.
988   $a20020608
906   $0MH

