LEADER 00668nam a2200205K  4500
001 003000590-6
005 20020606093309.7
008 930426s1943    ohu          l000 0 eng d
035 0 $aocm80282101
040   $aFLL$cFLL
110 1 $aCleveland (Ohio).$bCity Planning Commission.
245 14$aThe conversion of structures to provide additional dwellings for war workers;$ba statement of policy.
260   $aCleveland,$bThe Commission.$c[1943]
300   $a3 p.
490 0 $a[Publication,$vno. 2.]
500   $aFeb. 9, 1943.
690  9$aHousing$xRehabilitation.$5des
690  9$aHousing, War-time$zUnited States. Cleveland, Ohio.$5des
988   $a20020608
906   $0MH

