LEADER 00487nam a2200169K  4500
001 003000591-4
005 20020606093309.7
008 930426s1898    gw            000 0 lat d
035 0 $aocm80620875
040   $aHLS$cHLS
110 2 $aCatholic Church.
245 10$aDominica iii. Julii.$bIn festo tituli S. Crucis D.N.J.C.
260   $a[Ratisbonæ,$btypis Friderici Pustet,$c1898.]
300   $app. (2).$cfol.
710 2 $aCatholic Church.$kLiturgy$tMissal$sJuly 3.
988   $a20020608
906   $0MH

