LEADER 00496nam a2200181K  4500
001 003000592-2
005 20020606093309.7
008 930426s1952    ohu          l000 0 eng d
035 0 $aocm78390067
040   $aFLL$cFLL
110 1 $aCleveland (Ohio).$bCity Planning Commission.
245 10$aDevelopment plan, project 1-B.
260   $a[Cleveland,$bThe Commission]$c[1952]
300   $a5 p.
500   $aAug. 15, 1952.
690  9$aRehab$zUnited States. Cleveland.$5des
988   $a20020608
906   $0MH

