LEADER 00488nam a2200169K  4500
001 003000593-0
005 20020606093309.7
008 930426s1898    gw            000 0 lat d
035 0 $aocm82933159
040   $aHLS$cHLS
110 2 $aCatholic Church.
245 10$aDominica IV. vel. V. Octobris.$bIn festo B. Mariæ Virg. titulo de Pace.
260   $a[Ratisbonæ,$bFr. Pustet,$c1898.]
300   $app. 7, (1).$c12mo
710 2 $aCatholic Church.$kLiturgy$tBreviary.
988   $a20020608
906   $0MH

