LEADER 00716nam a2200205K  4500
001 003000594-9
005 20020606093309.7
008 930426s1966    ohu          l000 0 eng d
035 0 $aocm63879066
040   $aFLL$cFLL
110 1 $aCleveland (Ohio).$bCity Planning Commission.
245 14$aThe fine arts guide: a guide for submitting projects involving aesthetics to the Cleveland City Planning Commission through its Fine Arts Advisory Committee.
250   $a2nd revised edition.
260   $aCleveland,$c[1966]
300   $a26 p.$bmaps.
500   $aNovember 6, 1966.
690  9$aCity planning$xEsthetic cons.$5des
710 1 $aCleveland (Ohio).$bFine Arts Advisory Commission.
988   $a20020608
906   $0MH

