LEADER 00535nam a2200169K  4500
001 003000595-7
005 20020606093309.7
008 930426s1898    be            000 0 lat d
035 0 $aocm78445085
040   $aHLS$cHLS
110 2 $aCatholic Church.
245 10$aFeria iii. post Domin. Quinquages.$bSacræ Columnæ Flagellationis D.N.J.C.
260   $a[Tornaci, (Belg.),$btypis Societatis S. Joannis, Desclée, Lefebvre et Soc.,$c1898.]
300   $app. 2.$cfol.
710 2 $aCatholic Church.$kLiturgy$tMissal.
988   $a20020608
906   $0MH

