LEADER 01844cam a2200409Ia 4500
001 003000596-5
005 20050319113039.0
008 930305s1992    it       b    001 0 fre d
020   $a2728302537
035 0 $aocm29671484
035 0 $aocm27669404
040   $aNDD$cNDD$dWAU$dDDO
043   $ae-it---$ae-fr---$ae------
050 00$aDG205$b.R37 1992
050 14$aD111$b.E41 v.163
100 1 $aRaskolʹnikova, Muza.
245 10$aHistoire romaine et critique historique dans l'Europe des lumières :$bla naissance de l'hypercritique dans l'historiographie de la Rome antique /$cMouza Raskolnikoff.
260   $aRome :$bÉcole française de Rome, Palais Farnèse ;$aStrasbourg :$bAECR,$c1992.
300   $axiii, 886 p. ;$c24 cm.
440  0$aCollection de l'École française de Rome ;$x0023-5099 ;$v163
490 1 $aEtudes et travaux ;$v7
504   $aIncludes bibliographical references (p. 815-851) and indexes.
650  0$aHistoriography$zFrance$xHistory.
651  0$aRome$xHistoriography.
600 10$aBeaufort, Louis de,$d1703-1795.
600 10$aLévesque de Pouilly, Louis-Jean,$d1691-1750.
610 20$aAcadémie des inscriptions & belles-lettres (France)
651  0$aRome$xHistory$yTo 510 B.C.$xHistoriography.
651  0$aFrance$xIntellectual life$y18th century.
650  0$aEnlightenment.
650  0$aHistoriography$zEurope$xHistory$y18th century.
650  0$aHistorians$zEurope$xHistory$y18th century.
655  7$aHistory.$2fast
776 08$iOnline version:$aRaskolʹnikova, Muza.$tHistoire romaine et critique historique dans l'Europe des Lumières.$dRoma, Italie : Ecole française de Rome, 1992$w(OCoLC)622868128
830  0$aEtudes et travaux (Université des sciences humaines de Strasbourg. Groupe de recherche d'histoire romaine) ;$v7.
988   $a20020608
906   $0OCLC

