LEADER 00541nam a2200181K  4500
001 003000597-3
005 20020606093309.7
008 930426s1898    fr            000 0 lat d
035 0 $aocm81267285
040   $aHLS$cHLS
110 2 $aCatholic Church.
245 10$av juillet.$bS. Antoine Maria Zaccaria confesseur. [Messe notée.
260   $aParis,$bLib. Ch. Poussielgue, impr. F. Levé,$c1898.]
300   $app. 4.$c12mo
700 1 $aValfray, Pierre,$eed.
710 2 $aCatholic Church.$kLiturgy$tC.O., Choir Book.
988   $a20020608
906   $0MH

