LEADER 00819nam a2200253 a 4500
001 003000598-1
005 20020606093309.7
008 940616s1984    ir       b    000|0 ara d
035 0 $aocm26520727
035 1 $aMAHN94B1922
035 1 $zNJPG89B11141
040   $aNjP$cNjP$dMH
041 0 $aaraper
100 1 $aHīdajī, Muḥammad,$d-1927?
245 10$aTaʻlīqat al-Hīdajī ʻalá al-Manẓūmah wa-Sharḥihā /$ctaʼlīf al-Hīdajī
260   $aṬihrān :$bMuʼassasat al-Aʻlamī,$c1363 [1984]
300   $a592 p. ;$c25 cm.
500   $aIntrod. in Persian.
504   $aIncludes bibliographical references.
600 10$aSabzavārī, Hādī ibn Mahdī,$d1797 or 1798-$tSharḥ al-manẓūmah fī al-ḥikmah.
650  0$aIslamic philosophy.
650  0$aMetaphysics.
988   $a20020608
906   $0RLIN

