LEADER 00515nam a2200169K  4500
001 003000599-X
005 20020606093309.7
008 930426s1898    sz            000 0 por d
035 0 $aocm84255464
040   $aHLS$cHLS
110 2 $aCatholic Church.
245 10$aId á Jesús.$bLibrito piadoso para la buena ninez.$cPor un padre Redentorista.
260   $aEinsiedeln, Suiza,$bBenziger & Co. S.A.,$c[lic.1898].
300   $c48mo
710 2 $aCatholic Church.$kLiturgy$tC.O., Paroissiens, &c.
988   $a20020608
906   $0MH

