LEADER 00468nam a2200169K  4500
001 003000600-7
005 20020606093309.7
008 930426s1898    xx            000 0 lat d
035 0 $aocm79610961
040   $aHLS$cHLS
110 2 $aCatholic Church.
245 10$aMissæ novissimæ in regno Neapolitano celebrandæ.
260   $a[Mechliniæ,$bH. Dessain,$c1898.]
300   $app. 6.$c12mo
710 2 $aCatholic Church.$kLiturgy$tMissal$gNaples.
988   $a20020608
906   $0MH

