LEADER 00535nam a2200169K  4500
001 003000601-5
005 20020606093309.7
008 930426s1898    fr            000 0 lat d
035 0 $aocm83142220
040   $aHLS$cHLS
110 2 $aCatholic Church.
245 10$aMissæ propriæ ad usum insignis ecclesiæ Meldensis.
260   $aParisiis, etc.,$bTypis Societatis Sancti Joannis, Desclée, Lefebvre et Soc.,$c[imprimatur: 1898].
300   $app. 38.$cfol.
710 2 $aCatholic Church.$kLiturgy$tMissal$gMeaux.
988   $a20020608
906   $0MH

