LEADER 00542nam a2200169K  4500
001 003000602-3
005 20020606093309.7
008 930426s1898    be            000 0 lat d
035 0 $aocm78939057
040   $aHLS$cHLS
110 2 $aCatholic Church.
245 10$aMissæ propriæ Congregationis Missionariorum vulgo de la Salette.
260   $aTornaci,$bTypis Societatis Sancti Joannis, Desclée, Lefebvre et Soc.,$c1898.
300   $app. 106.$cfol.
710 2 $aCatholic Church.$kLiturgy$tMissal$sMissions, Congr. of.
988   $a20020608
906   $0MH

