LEADER 00507nam a2200169K  4500
001 003000603-1
005 20020606093309.7
008 930426s1898    gw            000 0 lat d
035 0 $aocm82105911
040   $aHLS$cHLS
110 2 $aCatholic Church.
245 10$aMissæ propriæ diœcesis Mariannensis.
260   $aRatisbonæ, etc.,$bsumptibus et typis Friderici Pustet,$c1898.
300   $app. (2), 17, (1).$c8vo
710 2 $aCatholic Church.$kLiturgy$tMissal$gIsole dei Ladróni.
988   $a20020608
906   $0MH

