LEADER 00540nam a2200169K  4500
001 003000604-X
005 20020606093309.7
008 930426s1898    gw            000 0 lat d
035 0 $aocm78103467
040   $aHLS$cHLS
110 2 $aCatholic Church.
245 10$aMissæ propriæ festorum quæ in toto cœlesti, regali ac militari Ordine Redemptorum B.M.V. de Mercede, celebrantur.
260   $aMechliniæ,$bH. Dessain,$c1898.
300   $app. 31+.$cfol.
710 2 $aCatholic Church.$kLiturgy$tMissal$sRedemptorist.
988   $a20020608
906   $0MH

