LEADER 00567nam a2200169K  4500
001 003000605-8
005 20020606093309.7
008 930426s1898    be            000 0 lat d
035 0 $aocm84029430
040   $aHLS$cHLS
110 2 $aCatholic Church.
245 10$aMissæ propriæ Sanctorum in diœcesi Comayaguensi celebrandæ.
260   $a[Tornaci (Belg.),$bTypis Societatis S. Joannis Evangelistæ, Desclée, Lefebvre et Soc.,$c1898.]
300   $app. 42.$cfol.
710 2 $aCatholic Church.$kLiturgy$tMissal$sComayagua (Nuéva Valladolid).
988   $a20020608
906   $0MH

