LEADER 00519nam a2200169K  4500
001 003000606-6
005 20020606093309.7
008 930426s1898    xx            000 0 lat d
035 0 $aocm80992437
040   $aHLS$cHLS
110 2 $aCatholic Church.
245 10$aMissae recentius concessae Ordini Praedicatorum per decreta S.R.C. 29 Apr., 28 Maji et 11 Jul. 1898.
260   $a[Mechliniæ,$bH. Dessain,$c1898.]
300   $app. 4.$c8vo
710 2 $aCatholic Church.$kLiturgy$tMissal$sDominican.
988   $a20020608
906   $0MH

