LEADER 00880nam a2200217K  4500
001 003000607-4
005 20020606093309.7
008 930426s1898    gw            000 0 lat d
035 0 $aocm29087522
040   $aHLS$cHLS
110 2 $aCatholic Church.$kLegates, nuncios, etc.$gGermany.
245 14$aDie Nuntiatur-Korrespondenz Kaspar Groppers nebst verwandten Aktenstücken, 1573-1576,$cgesammelt und hrsg. von W.E. Schwarz.
260   $aPaderborn,$bSchöningh,$c1898.
300   $acxx, 458 p.
490 1 $aQuellen und Forschungen aus dem Gebiete der Geschichte, hrsg. von der Görres-Gesellschaft,$v5
610 20$aCatholic Church$xForeign relations$zGermany.
700 1 $aSchwarz, Wilhelm Eberhard,$d1855-
700 1 $aGropper, Kaspar,$d1519-1594.
810 2 $aGörres-Gesellschaft.$tQuellen und Forschungen aus dem Gebiete der Geschichte ;$v8.
988   $a20020608
906   $0MH

