LEADER 00529nam a2200169K  4500
001 003000608-2
005 20020606093309.7
008 930426s1898    be            000 0 lat d
035 0 $aocm83083672
040   $aHLS$cHLS
110 2 $aCatholic Church.
245 10$aOfficia propria ad usum insignis ecclesiae Meldensis.
260   $a[Imprimatur: Tornaci],$btypis Societ. S. Joannis Evang., Desclée, Lefebvre et Soc.,$c1898.
300   $a4 pts.$c12mo
710 2 $aCatholic Church.$kLiturgy$tBreviary$gMeaux.
988   $a20020608
906   $0MH

