LEADER 00535nam a2200169K  4500
001 003000609-0
005 20070618203637.0
008 930426s1898    xx            000 0 lat d
035 0 $aocm81971494
040   $aHLS$cHLS
110 2 $aCatholic Church.
245 10$aOfficia propria Clericis Regularibus Infirmorum Ministris.
260   $aTornaci Nerviorum,$btypis Societ. S. Joannis Evang., Desclée, Lefebvre et Soc.,$c1898.
300   $a4 pts.$c12mo
710 2 $aCatholic Church.$kLiturgy.$tBreviary$gCamillist.
988   $a20020608
906   $0MH

