LEADER 00551nam a2200169K  4500
001 003000610-4
005 20020606093309.7
008 930426s1898    it            000 0 lat d
035 0 $aocm83938377
040   $aHLS$cHLS
110 2 $aCatholic Church.
245 10$aOfficia propria de festis in cathedrali ecclesia et universa dioecesi Cerviensi celebrandis.
260   $aRomae,$btypis Societatis S. Joannis, Desclée, Lefebvre et Soc.,$c[Imprim. 1898].
300   $c12mo
710 2 $aCatholic Church.$kLiturgy$tBreviary$gCervia.
988   $a20020608
906   $0MH

