LEADER 00462nam a2200169K  4500
001 003000611-2
005 20020606093309.7
008 930426s1898    xx            000 0 lat d
035 0 $aocm82515189
040   $aHLS$cHLS
110 2 $aCatholic Church.
245 10$aOfficia propria ecclesiæ Divionensis.
260   $aTuronibus,$bA. Mame et filiorum,$c1898.
300   $a4 pts.$c12mo
710 2 $aCatholic Church.$kLiturgy$tBreviary$gDijon.
988   $a20020608
906   $0MH

