LEADER 00550nam a2200169K  4500
001 003000612-0
005 20020606093309.7
008 930426s1898    it            000 0 lat d
035 0 $aocm79879987
040   $aHLS$cHLS
110 2 $aCatholic Church.
245 10$aOfficia propria extra Breviarium Vagantia in civitate et archidiœcesi Aquilana recitanda.
260   $aRomæ-Tornaci,$btyp. Soc. S. Joannis, Desclée, Lefebvre et Soc.,$c1898.
300   $a4 pts.$c12mo
710 2 $aCatholic Church.$kLiturgy$tBreviary$gAquilèa.
988   $a20020608
906   $0MH

