LEADER 00499nam a2200169K  4500
001 003000613-9
005 20020606093309.7
008 930426s1898    xx            000 0 lat d
035 0 $aocm84255474
040   $aHLS$cHLS
110 2 $aCatholic Church.
245 10$aOfficia propria pro diœcesibus Genuensi, Savonensi, Dertonensi et Clavarensi.
260   $a[Taurini?,$bn.pr.,$c1898.]
300   $app. 57, (1).$c32mo
710 2 $aCatholic Church.$kLiturgy$tBreviary$sGenoa, &c.
988   $a20020608
906   $0MH

