LEADER 00573nam a2200169K  4500
001 003000614-7
005 20020606093309.7
008 930426s1898    xx            000 0 lat d
035 0 $aocm79834541
040   $aHLS$cHLS
110 2 $aCatholic Church.
245 10$aOfficia propria Sanctorum aliorumque festivitatum quae in toto coelesti, regali ac militari Ordine Patrum Redemptorum B.M.V. de Mercede celebrantur.
260   $aMechliniae,$bH. Dessain,$c1898.
300   $app. 346.$c12mo
710 2 $aCatholic Church.$kLiturgy$tBreviary$sRedemptorist.
988   $a20020608
906   $0MH

