LEADER 00524nam a2200169K  4500
001 003000615-5
005 20020606093309.7
008 930426s1898    be            000 0 lat d
035 0 $aocm82241622
040   $aHLS$cHLS
110 2 $aCatholic Church.
245 10$aOfficia propria Sanctorum dioecesis Comayaguensis in America Centrali.
260   $a[Tornaci (Belg.),$bTypis Societatis S. Joannis Evangel.,$c1898.
300   $a4 pts.$c16mo
710 2 $aCatholic Church.$kLiturgy$tBreviary$gComamayagua.
988   $a20020608
906   $0MH

