LEADER 00477nam a2200169K  4500
001 003000616-3
005 20020606093309.7
008 930426s1898    xx            000 0 lat d
035 0 $aocm83040415
040   $aHLS$cHLS
110 2 $aCatholic Church.
245 10$aOfficia recentiora concessa Ordini Praedicatorum.
260   $a[Mechliniae,$bH. Dessain,$c1898.]
300   $app. 11, (1).$c12mo
710 2 $aCatholic Church.$kLiturgy$tBreviary$sDominican.
988   $a20020608
906   $0MH

