LEADER 00541nam a2200181K  4500
001 003000617-1
005 20020606093309.7
008 930426s1898    gw            000 0 lat d
035 0 $aocm78606680
040   $aHLS$cHLS
110 2 $aCatholic Church.
245 10$aOrdo ad baptizandum septingentis annis antiquior ex codice berolinensi editus ab Hermanno Hering.$b[Progr.]
260   $aHalis,$c1898.
300   $app. 3-10.$c4to
700 1 $aHering, Hermanno.
710 2 $aCatholic Church.$kLiturgy$tRitual$gGermany.
988   $a20020608
906   $0MH

