LEADER 00552nam a2200169K  4500
001 003000618-X
005 20020606093309.7
008 930426s1898    fr            000 0 lat d
035 0 $aocm82323908
040   $aHLS$cHLS
110 2 $aCatholic Church.
245 10$aOrdo Divini Officii recitandi sacrique peragendi juxta sanctæ Romanæ Ecclesiæ ad usum insignis ecclesiæ Meldensis editus pro anno 1898.
260   $aMeldis,$bapud A. Le Blondel,$c1898.
300   $c12mo
710 2 $aCatholic Church.$kLiturgy$tDirectory$gMeaux.
988   $a20020608
906   $0MH

