LEADER 00503nam a2200169K  4500
001 003000619-8
005 20020606093309.7
008 930426s1898    fr            000 0 fre d
035 0 $aocm80042039
040   $aHLS$cHLS
110 2 $aCatholic Church.
245 10$aParoissien Romain complet noté à l'usage du diocèse de Meuax.
260   $a[Paris,$bImp. F. Levé,$c1898.]
300   $app. (2), 83-128.$c16mo
710 2 $aCatholic Church.$kLiturgy$bC.O., Paroissiens &c.$gMeaux.
988   $a20020608
906   $0MH

