LEADER 00490nam a2200169K  4500
001 003000620-1
005 20020606093309.7
008 930426s1898    fr            000 0 fre d
035 0 $aocm78620376
040   $aHLS$cHLS
110 2 $aCatholic Church.
245 10$aPetit Processional à l'usage de la paroisse de Saint-Tropez.
260   $aToulon,$bImprimerie catholique,$c1898.
300   $app. 30.$c16mo
710 2 $aCatholic Church.$kLiturgy$tProcessional$gTropez.
988   $a20020608
906   $0MH

