LEADER 00524nam a2200169K  4500
001 003000621-X
005 20020606093309.7
008 930426s1898    gw            000 0 lat d
035 0 $aocm82385723
040   $aHLS$cHLS
110 2 $aCatholic Church.
245 10$aProprium Missarum Congregationi SS. Redemptoris concessarum ad Graduale Romanum quod curavit S.R.C.
260   $a[Ratisbonae,$bFr. Pustet,$c1898.]
300   $app. 28.$c12mo
710 2 $aCatholic Church.$kLiturgy$tGradual$sRedemptorist.
988   $a20020608
906   $0MH

