LEADER 00480nam a2200169K  4500
001 003000622-8
005 20020606093309.7
008 930426s1898    gw            000 0 lat d
035 0 $aocm80219500
040   $aHLS$cHLS
110 2 $aCatholic Church.
245 10$aProprium Missarum diœcesis S. Pauli in Brasilia.
260   $a[Ratisbonœ,$bsumptibus Fr. Pustet,$c1898.]
300   $app. 32.$c8vo
710 2 $aCatholic Church.$kLiturgy$tMissal$gSão Paulo.
988   $a20020608
906   $0MH

