LEADER 00491nam a2200169K  4500
001 003000623-6
005 20020606093309.7
008 930426s1898    xx            000 0 lat d
035 0 $aocm81796009
040   $aHLS$cHLS
110 2 $aCatholic Church.
245 10$aProprium officiorum de festis et sanctis clero diœcesis Montispessulani.
260   $aTuronibus,$bA. Mame et fil.,$c1898.
300   $c12mo
710 2 $aCatholic Church.$kLiturgy$tBreviary$gMontpellier.
988   $a20020608
906   $0MH

