LEADER 00545nam a2200181K  4500
001 003000624-4
005 20020606093309.7
008 930426s1898    gw            000 0 lat d
035 0 $aocn234325679
040   $aHLS$cHLS
110 2 $aCatholic Church.
245 10$aProprium Sanctorum provinciarum S. Ludovici et Milwaukiensis.
260   $a[Ratisbonæ,$bFr. Pustet,$c1898.]
300   $app. 40.$c16mo
710 2 $aCatholic Church.$kLiturgy$tMissal$gMilwaukee.
710 2 $aCatholic Church.$kLiturgy$tMissal$gSt. Louis.
988   $a20020608
906   $0MH

