LEADER 00523nam a2200169K  4500
001 003000625-2
005 20020606093309.7
008 930426s1960    fr            000 0 fre d
035 0 $aocm82472667
040   $aHLS$cHLS
110 2 $aCatholic Church.$bPope (1276-1277 : John XXI)
245 10$aTables [des] registres de Grégoire X et de Jean XXI;$brecueil des bulles.
260   $aParis,$bDe Boccard,$c1960.
300   $a59 p.
440  0$aBibliothèque des écoles françaises d'Athènes et de Rome
988   $a20020608
906   $0MH

