LEADER 01298nam a2200313 a 4500
001 003000626-0
005 20050616172410.0
008 930426s1898    gw       b    001 0 ger d
035 0 $aocn239778280
035 0 $aocm53573558
040   $aHLS$cHLS$dHMM
041 0 $agerlat
110 2 $aCatholic Church.$bCamera Apostolica.
245 14$aDie Rückkehr der Päpste Urban v. und Gregor XI von Avignon nach Rom :$bAuszüge aus den Kameralregistern des vatikanischen Archivs /$cherausgegeben von Joh. Peter Kirsch.
260   $aPaderborn :$bF. Schöningh,$c1898.
300   $alxi, 328 p. ;$c25 cm.
490 1 $aQuellen und Forschungen aus dem Gebiete der Geschichte ;$vVI. Bd.
504   $aIncludes bibliographical references and index.
546   $aIntroduction and notes in German, text in Latin.
600 00$aUrban$bV,$cPope,$d1310-1370.
600 00$aGregory$bXI,$cPope,$d1329-1378.
610 20$aCatholic Church$xFinance$xHistory$y14th century.
650  0$aPapacy$xHistory$y1309-1378.
700 1 $aKirsch, Johann Peter,$d1861-1941.
710 2 $aBiblioteca apostolica vaticana.
830  0$aQuellen und Forschungen aus dem Gebiet der Geschichte ;$vBd. 6.
830  0$aHarvard College Library preservation microfilm program 2001 ;$v07492.$5mmf
988   $a20020608
906   $0MH

