LEADER 00495nam a2200169K  4500
001 003000627-9
005 20020606093309.7
008 930426s1898    gw            000 0 lat d
035 0 $aocm80602473
040   $aHLS$cHLS
110 2 $aCatholic Church.
245 10$aSupplementum ad Proprium Sanctorum archidiœcesis Guatimalensis.
260   $a[Ratisbonæ,$btypis Fr. Pustet,$c1898.]
300   $app. 3, (1).$cfol.
710 2 $aCatholic Church.$kLiturgy$tMissal$gGuatemala.
988   $a20020608
906   $0MH

