LEADER 00678nam a2200169K  4500
001 003000628-7
005 20020606093309.7
008 930426s1898    xx            000 0 lat d
035 0 $aocm79881877
040   $aHLS$cHLS
110 2 $aCatholic Church.
245 10$aTabella Festorum titularium ecclesiae cathedralis et ecclesiarium parochialium diocesis Marianopolitanae;$bcum translationibus perpetuis rite peractis, juxta rubricas, et Kalendarium provinciale a S. Sede approbatum, vi indulti 2 Maii 1892 dispostia.
260   $aMarianopoli,$bex typis Arbour & Laperle,$c1898.
300   $c12mo
710 2 $aCatholic Church.$kLiturgy$tDirectory$gMontreal.
988   $a20020608
906   $0MH

