LEADER 00524nam a2200169K  4500
001 003000629-5
005 20020606093309.7
008 930426s1899    it            000 0 lat d
035 0 $aocm79186107
040   $aHLS$cHLS
110 2 $aCatholic Church.
245 10$aAddenda et Varianda in Proprio Officiorum provinciæ Pragenæ.
260   $a[Romæ-Tornaci,$btypis Soc. S. Joannis, Desclée, Lefebvre et Soc.,$c1899.]
300   $app. 6+.$c16mo
710 2 $aCatholic Church.$kLiturgy$tBreviary$gPrague.
988   $a20020608
906   $0MH

