LEADER 00473nam a2200169K  4500
001 003000630-9
005 20020606093309.7
008 930426s1899    fr            000 0 lat d
035 0 $aocm83414137
040   $aHLS$cHLS
110 2 $aCatholic Church.
245 10$a5 Juillet.$bS. Antoine Marie Zaccaria, conf. [Messe notée.]
260   $a[Imprimatur: Remis,$c1899.]
300   $app. 5+.$c12mo
710 2 $aCatholic Church.$kLiturgy$tGradual$sJuly 5.
988   $a20020608
906   $0MH

