LEADER 00675nam a2200169K  4500
001 003000632-5
005 20020606093309.7
008 930426s1892    xx            000 0 lat d
035 0 $aocm81314230
040   $aHLS$cHLS
110 2 $aCatholic Church.
245 10$a[Tabella festorum titularium ecclesiæ cathedralis et ecclesiarum parochialium diœcesis Campivallensis,$bcum translationibus perpetuis rite peractis, juxta Rubricas, et Kalendarium Provinciale a S. Rituum Congregatione approbatum, vi Indulti 2 Maii 1892, disposita.]
260   $a[n.p.,$bn.pr.$c1892].
300   $c8vo
710 2 $aCatholic Church.$kLiturgy.$tDirectory.$sCampus-Vallis.
988   $a20020608
906   $0MH

