LEADER 00524nam a2200169K  4500
001 003000634-1
005 20020606093309.7
008 930426s1899    it            000 0 lat d
035 0 $aocm78532215
040   $aHLS$cHLS
110 2 $aCatholic Church.
245 10$aDie xxv. Octobris.$bB. Thaddæi Machar episcopi confessoris.
260   $a[Romæ, etc.,$bTypis Societatis S. Joannis, Desclée, Lefebvre et Soc.,$c1899.]
300   $app. 2.$cfol.
710 2 $aCatholic Church.$kLiturgy$tMissal$gIreland.
988   $a20020608
906   $0MH

