LEADER 00529nam a2200181K  4500
001 003000635-X
005 20020606093309.7
008 930426s1892    fr            000 0 und d
035 0 $aocm83069337
040   $aHLS$cHLS
110 2 $aCatholic Church.
245 10$aVingt huit xxviii avril.$bLe B. Louis-Marie G. de Montfort, confesseur.
260   $a[Paris,$bLibrairie Ch. Poussielgue,$c1892.]
300   $app. 4.$c8vo
700 1 $aValfray, Pierre,$eed.
710 2 $aCatholic Church.$kLiturgy.$tGradual.
988   $a20020608
906   $0MH

