LEADER 00529nam a2200169K  4500
001 003000636-8
005 20020606093309.7
008 930426s1893    be            000 0 lat d
035 0 $aocm79834543
040   $aHLS$cHLS
110 2 $aCatholic Church.
245 10$aAntiphonæ et Responsoria in festis ix Lectionum S. Catharinæ Senensis virginis Ordinis Prædicatorum.
260   $a[Mechliniæ,$bH. Dessain,$c1893.]
300   $app. 2.$c12mo
710 2 $aCatholic Church.$kLiturgy.$tAntiphoner.$sDominican.
988   $a20020608
906   $0MH

