LEADER 00515nam a2200169K  4500
001 003000637-6
005 20020606093309.7
008 930426s1899    it            000 0 lat d
035 0 $aocm84175055
040   $aHLS$cHLS
110 2 $aCatholic Church.
245 10$aDie v. Octobris.$bIn festo beati Raymundi a Capua conf. Ordinis Prædicatorum.
260   $a[Romæ,$btypis S.C. de Propaganda Fide,$c1899.]
300   $app. 3+.$c12mo
710 2 $aCatholic Church.$kLiturgy$tBreviary$sDominican.
988   $a20020608
906   $0MH

