LEADER 00536nam a2200169K  4500
001 003000638-4
005 20020606093309.7
008 930426s1899    it            000 0 lat d
035 0 $aocm80822508
040   $aHLS$cHLS
110 2 $aCatholic Church.
245 10$aDie v. Octobris.$bIn festo beati Raymundi a Capua confessoris Or. Prædicatorum.
260   $a[Romæ, etc.,$bSoc. S. Joannis, Desclée, Lefebvre et Soc.,$c1899.]
300   $app. (2).$cfol.
710 2 $aCatholic Church.$kLiturgy$tMissal$sDominican.
988   $a20020608
906   $0MH

