LEADER 00470nam a2200169K  4500
001 003000639-2
005 20020606093309.7
008 930426s1899    xx            000 0 lat d
035 0 $aocm78532217
040   $aHLS$cHLS
110 2 $aCatholic Church.
245 10$aDie 1. Septembris.$bIn festo B.M.V. de Consolatione.
260   $a[Mechliniæ,$bH. Dessain,$c1899.]
300   $app. 2.$cfol.
710 2 $aCatholic Church.$kLiturgy$tMissal$sSept. 1.
988   $a20020608
906   $0MH

