LEADER 00521nam a2200169K  4500
001 003000640-6
005 20020606093309.7
008 930426s1894    xx            000 0 lat d
035 0 $aocm77744290
040   $aHLS$cHLS
110 2 $aCatholic Church.
245 10$aDominica iii.post Epiphaniam. In festo SS.Familiæ Jesu, Mariæ, Joseph; juxta ritum monasticum.
260   $a[Mechliniæ,$bH. Dessain,$c1894.]
300   $app. 8.$c8vo
710 2 $aCatholic Church.$kLiturgy.$tBreviary.$sBenedictine.
988   $a20020608
906   $0MH

