LEADER 00517nam a2200169K  4500
001 003000641-4
005 20020606093309.7
008 930426s1894    gw            000 0 lat d
035 0 $aocm84316711
040   $aHLS$cHLS
110 2 $aCatholic Church.
245 10$aDominica ii.post Pascha.$cIn festo Coronationis B. Mariæ V. de Valle Catamarcensis.
260   $a[Ratisbonæ,$bFr. Pustet,$c1894.]
300   $app. 11, (1).$c12mo
710 2 $aCatholic Church.$kLiturgy.$tBreviary.$gBuenos Aires.
988   $a20020608
906   $0MH

