LEADER 00476nam a2200169K  4500
001 003000642-2
005 20020606093309.7
008 930426s1893    it            000 0 lat d
035 0 $aocm84939146
040   $aHLS$cHLS
110 2 $aCatholic Church.
245 10$aAppendix ad Missale Romanum ad usum ecclesiæ Vicetinæ.
260   $a[Taurini,$bP. Marietti,$c1893.]
300   $app. 16.$cfol.
710 2 $aCatholic Church.$kLiturgy.$tMissal.$gVicènza.
988   $a20020608
906   $0MH

