LEADER 00561nam a2200169K  4500
001 003000643-0
005 20020606093309.7
008 930426s1899    sp            000 0 lat d
035 0 $aocm83993294
040   $aHLS$cHLS
110 2 $aCatholic Church.
245 10$aDirectorium Divini Officii et Missarum ad usum sanctae et apostolicae ecclesiae cathedralis et dioecesis Almeriensis, editum pro A.D. 1899.
260   $aAlmeriae,$btypis Mariani Alvarez,$c[1899].
300   $c16mo
710 2 $aCatholic Church.$kLiturgy$tDirectory$gAlmeria.
988   $a20020608
906   $0MH

