LEADER 00501nam a2200181K  4500
001 003000644-9
005 20020606093309.7
008 930426s1894    xx            000 0 und d
035 0 $aocm79008457
040   $aHLS$cHLS
110 2 $aCatholic Church.
245 10$aKantik en henor d'an Itron-Varia-C'hras Parrez Pluguen.
260   $a[Kemper,$bmoullet e ti de Kerangal,$c1894].
300   $app. (4).$c24to
690  9$aHymns$zBreton.$5wid
691  9$aPluguen, Brittany.$5wid
988   $a20020608
906   $0MH

