LEADER 00631nam a2200169K  4500
001 003000645-7
005 20020606093309.7
008 930426s1893    xx            000 0 lat d
035 0 $aocm81630886
040   $aHLS$cHLS
110 2 $aCatholic Church.
245 10$aAppendix ad Missale Romanum jussu et auctoritate illustrissimi ac reverendissimi domini Domini Matthæi Vodopić episcopi Rhacusini edita.
260   $aTornaci Nerviorum,$bTypis Societatis S. Joannis Evangelistæ, Desclée, Lefebvre et Soc.,$c1893.
300   $app. (2), 52, (2).$cfol.
710 2 $aCatholic Church.$kLiturgy.$tMissal.$gRagusa.
988   $a20020608
906   $0MH

