LEADER 00524nam a2200181K  4500
001 003000646-5
005 20020606093309.7
008 930426s1894    fr            000 0 und d
035 0 $aocm83281708
040   $aHLS$cHLS
110 2 $aCatholic Church.
245 10$aKantik enn henor da Itroun Varia ar Porzou,$bKurunet e Kastel-Nevez-ar-Faou, 26 a viz Eost 1894.
260   $a[Brest,$bImp. A. Dumont,$c1894.]
300   $app. (4).
690  9$aHymns$xBreton.$5wid
691  9$aPorzou, Brittany.$5wid
988   $a20020608
906   $0MH

