LEADER 00485nam a2200169K  4500
001 003000647-3
005 20020606093309.7
008 930426s1893    gw            000 0 lat d
035 0 $aocm82790412
040   $aHLS$cHLS
110 2 $aCatholic Church.
245 10$aAppendix ad Proprium Hispaniarum pro diœcesi Ovetensi.
260   $a[Ratisbonæ,$btypis Fr. Pustet,$c1893.]
300   $app. 7, (1).$cfol.
710 2 $aCatholic Church.$kLiturgy.$tMissal.$gOviedo.
988   $a20020608
906   $0MH

