LEADER 00493nam a2200169K  4500
001 003000648-1
005 20020606093309.7
008 930426s1892    xx            000 0 lat d
035 0 $aocm83995563
040   $aHLS$cHLS
110 2 $aCatholic Church.
245 10$aDie xxviii. Aprilis.$bIn festo B. Petri Aloisii Mariæ Chanel martyris.
260   $a[Mechliniæ,$bH. Dessain,$c1892.]
300   $app. 26.$c16mo
710 2 $aCatholic Church.$kLiturgy.$tBreviary.$sMarist.
988   $a20020608
906   $0MH

