LEADER 00592nam a2200169K  4500
001 003000649-X
005 20020606093309.7
008 930426s1899    sp            000 0 lat d
035 0 $aocm79338919
040   $aHLS$cHLS
110 2 $aCatholic Church.
245 10$aDirectorium pro Divini Officii recitatione ac Missarum celebratione superiorum mandato dispositum,$bpro A.D. 1899, ad usum almae basilicae Carthaginensis, ejusque dioecesis.
260   $aMurciae,$btip. filior. Nogués,$c1899.
300   $c12mo
710 2 $aCatholic Church.$kLiturgy$tDirectory$gCarthage.
988   $a20020608
906   $0MH

