LEADER 00490nam a2200169K  4500
001 003000650-3
005 20020606093309.7
008 930426s1894    gw            000 0 lat d
035 0 $aocm80479362
040   $aHLS$cHLS
110 2 $aCatholic Church.
245 10$aLectiones infra Octavam Patrocinii S. Joseph.
260   $a[Ratisbonæ,$bFr. Pustet,$c1894.]
300   $a2 pts. (separately paged).$c12mo
710 2 $aCatholic Church.$kLiturgy.$tBreviary.$sPassionist.
988   $a20020608
906   $0MH

