LEADER 00491nam a2200169K  4500
001 003000651-1
005 20020606093309.7
008 930426s1893    be            000 0 lat d
035 0 $aocm81267289
040   $aHLS$cHLS
110 2 $aCatholic Church.
245 10$aDie xx. Aprilis.$bIn festo B. Leopoldi a Gaichis, conf. I. Ordinis.
260   $a[Mechliniæ,$bH. Dessain, 1893.]
300   $app. 2.$c12mo
710 2 $aCatholic Church.$kLiturgy.$tBreviary.$sFranciscan.
988   $a20020608
906   $0MH

