LEADER 00487nam a2200169K  4500
001 003000652-X
005 20020606093309.7
008 930426s1892    xx            000 0 lat d
035 0 $aocm81054427
040   $aHLS$cHLS
110 2 $aCatholic Church.
245 10$aDie xxvii. Aprilis. S. Thuribii de Mogrovejo, e.et c.
260   $a[Mechliniæ,$bH. Dessain,$c1892.]
300   $app. 2.$c8vo
710 2 $aCatholic Church.$kLiturgy.$tBreviary.$sBenedictine, America.
988   $a20020608
906   $0MH

