LEADER 00497nam a2200169K  4500
001 003000653-8
005 20020606093309.7
008 930426s1893    gw            000 0 lat d
035 0 $aocm78224036
040   $aHLS$cHLS
110 2 $aCatholic Church.
245 10$aDie 14. Aprilis.$bInfesto Beatæ Liduinæ virg. Schiedamensis.
260   $a[Ratisbonæ,$bex officina Fr. Pustet,$c1893.]
300   $app. (2).$cfol.
710 2 $aCatholic Church.$kLiturgy.$tMissal.$fApril 14.
988   $a20020608
906   $0MH

