LEADER 00493nam a2200169K  4500
001 003000654-6
005 20020606093309.7
008 930426s1892    fr            000 0 lat d
035 0 $aocm83879139
040   $aHLS$cHLS
110 2 $aCatholic Church.
245 10$aDie xi Februarii.$bIn festo Apparitionis B.M.V. Immaculatæ.
260   $a[Paris,$bLibrairie Ch. Poussielgue,$c1892.]
300   $app. 4.$c8vo
710 2 $aCatholic Church.$kLiturgy.$tAntiphoner.$gFeb. 11.
988   $a20020608
906   $0MH

