LEADER 00689nam a2200169K  4500
001 003000655-4
005 20020606093309.7
008 930426s1894    fr            000 0 fre d
035 0 $aocm83993296
040   $aHLS$cHLS
110 2 $aCatholic Church.
245 10$aManuel du pèlerin à la sainte tunique sans couture de Notre-Seigneur Jésus-Christ,$bà Argenteuil. Notice historique. Messe et prose de la tunique inconsutile. Hymnes, cantiques, indulgences et confrérie.
260   $aLille, etc.,$bSociété Saint-Augustin, Desclée, De Brouwer et cie,$c1894.
300   $app. 44.$c24to
710 2 $aCatholic Church.$kLiturgy.$tC.O., Paroissiens, &c.$sArgenteuil.
988   $a20020608
906   $0MH

