LEADER 00591nam a2200169K  4500
001 003000656-2
005 20020606093309.7
008 930426s1899    xx            000 0 lat d
035 0 $aocm79056899
040   $aHLS$cHLS
110 2 $aCatholic Church.
245 10$aDom. i. post Oct. Assumpt. B.M.V.$bIn festo Beatae Mariae Virginis Yvrandaeae sive Liberatricis. Duplex majus. (Duplex 2. cl. pro clero ecclesiae B.M.V. de La Délivrande.)
260   $a[Mechliniae,$bH. Dessain,$c1899.]
300   $app. 8.$c12mo
710 2 $aCatholic Church.$kLiturgy$tBreviary$gBayeux.
988   $a20020608
906   $0MH

