LEADER 00442nam a2200169K  4500
001 003000657-0
005 20020606093309.7
008 930426s1894    fr            000 0 lat d
035 0 $aocm81503397
040   $aHLS$cHLS
110 2 $aCatholic Church.
245 10$aMissa S. Familiæ cum cantu.
260   $aSolesmis,$btypis S. Petri,$c1894.
300   $app. 5, (1).$c8vo
710 2 $aCatholic Church.$kLiturgy.$tMissal.
988   $a20020608
906   $0MH

