LEADER 00524nam a2200169K  4500
001 003000658-9
005 20020606093309.7
008 930426s1892    xx            000 0 lat d
035 0 $aocm83358714
040   $aHLS$cHLS
110 2 $aCatholic Church.
245 10$aDie xi. Februarii.$bIn festo Apparitionis B.M.V. Immaculatæ. Duplex majus. Juxta ritum monasticum.
260   $a[Mechliniæ,$bH. Dessain,$c1892.]
300   $app. 8.$c8vo
710 2 $aCatholic Church.$kLiturgy.$tBreviary.$sBenedictine.
988   $a20020608
906   $0MH

