LEADER 00571nam a2200169K  4500
001 003000659-7
005 20020606093309.7
008 930426s1892    xx            000 0 lat d
035 0 $aocm83040422
040   $aHLS$cHLS
110 2 $aCatholic Church.
245 10$aDie xiv. Februarii.$bIn festo BB. Thomae Plumptree et sociorum, martyrum. Duplex majus. (In dioecesi Hagulstadensi et Novocastrensi.)
260   $a[Mechliniae,$bH. Dessain,$c1892.]
300   $app. 2, (2).$c16mo
710 2 $aCatholic Church.$kLiturgy.$tBreviary.$gHexham & Newcastle.
988   $a20020608
906   $0MH

