LEADER 00666nam a2200193K  4500
001 003000660-0
005 20020606093309.7
008 930426s1894    gw            000 0 lat d
035 0 $aocm80035112
040   $aHLS$cHLS
110 2 $aCatholic Church.
245 10$aMissæ Patronorum et Festorum propriorum Poloniæ et Sueciæ,$bitem Russiæ et ducatus Silesiæ.
260   $a[Ratisbonæ,$bsumptibus, chartis et typis Fr. Pustet,$c1894.]
300   $app. 44.$c16mo
710 2 $aCatholic Church.$kLiturgy.$tMissal.$gPoland.
710 2 $aCatholic Church.$kLiturgy.$tMissal.$gSweden.
710 2 $aCatholic Church.$kLiturgy.$tMissal.$gRussia.
988   $a20020608
906   $0MH

