LEADER 00478nam a2200169K  4500
001 003000661-9
005 20020606093309.7
008 930426s1892    xx            000 0 lat d
035 0 $aocm80871242
040   $aHLS$cHLS
110 2 $aCatholic Church.
245 10$aDie v. Februarii. S. Philippi a Jesu, mart.
260   $a[Mechliniæ,$bH. Dessain,$c1892.]
300   $app. 3+.$c8vo
710 2 $aCatholic Church.$kLiturgy.$tBreviary.$sBenedictine, America.
988   $a20020608
906   $0MH

