LEADER 00477nam a2200169K  4500
001 003000662-7
005 20020606093309.7
008 930426s1892    xx            000 0 lat d
035 0 $aocm79644001
040   $aHLS$cHLS
110 2 $aCatholic Church.
245 10$aDie xxiv. Julii. S. Francisci Solani, conf.
260   $a[Mechliniæ,$bH. Dessain,$c1892.]
300   $app. 2.$c8vo
710 2 $aCatholic Church.$kLiturgy.$tBreviary.$sBenedictine, America.
988   $a20020608
906   $0MH

