LEADER 00543nam a2200169K  4500
001 003000663-5
005 20020606093309.7
008 930426s1899    fr            000 0 lat d
035 0 $aocm79651554
040   $aHLS$cHLS
110 2 $aCatholic Church.
245 10$aDominica prima post Octavam Assumptionis Beatæ Mariæ Virginis. Beatæ Mariæ Virginis Yvrandææ sive Liberatricis.
260   $a[Bayeux,$btypographie O. Payan,$c1899.]
300   $app. (2).$cfol.
710 2 $aCatholic Church.$kLiturgy$tMissal$gBayeaux.
988   $a20020608
906   $0MH

