LEADER 00494nam a2200169K  4500
001 003000664-3
005 20020606093309.7
008 930426s1894    gw            000 0 lat d
035 0 $aocm83847787
040   $aHLS$cHLS
110 2 $aCatholic Church.
245 10$aMissæ propriæ pro Congregatione Missionis S. Vincentii a Paulo.
260   $a[Ratisbonæ,$btypis Fr. Pustet,$c1894.]
300   $c16mo
710 2 $aCatholic Church.$kLiturgy.$tMissal.$sS. Vincent de Paul.
988   $a20020608
906   $0MH

