LEADER 00546nam a2200169K  4500
001 003000665-1
005 20020606093309.7
008 930426s1894    xx            000 0 lat d
035 0 $aocm83558334
040   $aHLS$cHLS
110 2 $aCatholic Church.
245 10$aDie xxiv. Martii.$bIn festo B. Didaci Josephi a Gadibus confessoris Ordinis Capucinorum.
260   $a[Campoduni,$bex Typographia olim Ducali, nunc Jos. Kœseliana,$c1894.]
300   $app. 2.$cfol.
710 2 $aCatholic Church.$kLiturgy.$tMissal.$sCapuchin.
988   $a20020608
906   $0MH

