LEADER 00498nam a2200169K  4500
001 003000666-X
005 20020606093309.7
008 930426s1894    gw            000 0 lat d
035 0 $aocm84474173
040   $aHLS$cHLS
110 2 $aCatholic Church.
245 10$aDie 24. Martii.$bIn festo Beati Didaci Josephi a Gadibus conf.
260   $a[Ratisbonæ,$bFr. Pustet,$c1894.]
300   $app. 3, (1).$c12mo
710 2 $aCatholic Church.$kLiturgy.$tBreviary.$sCapuchins, Spain.
988   $a20020608
906   $0MH

