LEADER 00532nam a2200169K  4500
001 003000667-8
005 20020606093309.7
008 930426s1899    it            000 0 lat d
035 0 $aocm82105914
040   $aHLS$cHLS
110 2 $aCatholic Church.
245 10$aFerita tertia post Domin. Quinquages.$bSacræ Columnæ Flagellationis D.N.J.C.
260   $a[Romæ-Tornaci,$btypis Soc. S. Joannis, Desclée, Lefebvre et Soc.,$c1899.]
300   $app. 10.$c12mo
710 2 $aCatholic Church.$kLiturgy$tBreviary.
988   $a20020608
906   $0MH

