LEADER 00872nam a2200241Ia 4500
001 003000668-6
005 20020606093309.7
008 950428m19921993ru a     b    000 0 rusod
035 0 $aocm32382577
040   $aIUL$cIUL$dHLS
043   $ae-ur-ru
090   $aDK511.U77$bI45 1993
100 1 $aIgnatov, Mikhail Konstantinovich.
245 10$aVzgli︠a︡d skvozʹ gody :$bUstʹ-Kulomskiĭ raĭon, do 1917 goda /$cMikhail Konstaninovich Ignatov.
246 30$aUstʹ-Kulomskiĭ raĭon, do 1917 goda
260   $aSyktyvkar :$bOrientir,$c1992-1993.
300   $av.
500   $aSpecial issue of Orientir, v. 2, no. 8-9 (451-452) Avgust-Sent. 1992, v. [3], Avgust-Oct., 1993, no. 8-10 (462-464)
500   $aIllustrated endpapers.
504   $aIncludes bibliographical references.
651  0$aUstʹ-Kulomskiĭ raĭon (Russia)$xHistory.
988   $a20020608
906   $0OCLC

