LEADER 00532nam a2200169K  4500
001 003000669-4
005 20020606093309.7
008 930426s1894    be            000 0 lat d
035 0 $aocm83847790
040   $aHLS$cHLS
110 2 $aCatholic Church.
245 10$aMissæ propriæ pro sancta Genuensi ecclesia.
260   $a[Tornaci (Belg.),$bTypis Societatis S. Joannis Evangelistæ, Desclée, Lefebvre et Soc.,$c1894.]
300   $app. 43, (1).$cfol.
710 2 $aCatholic Church.$kLiturgy.$tMissal.$gGenoa.
988   $a20020608
906   $0MH

