LEADER 00487nam a2200169K  4500
001 003000670-8
005 20020606093309.7
008 930426s1894    xx            000 0 lat d
035 0 $aocm80871243
040   $aHLS$cHLS
110 2 $aCatholic Church.
245 10$aDie vii. Novembris.$bB. Antonii Baldinucci conf. Societatis Jesu.
260   $a[Mechliniæ,$bH. Dessain,$c1894.]
300   $app. 3+.$c12mo
710 2 $aCatholic Church.$kLiturgy.$tBreviary.$sJesuit.
988   $a20020608
906   $0MH

