LEADER 00931aam a2200277 a 4500
001 003000671-6
005 20020606093309.7
008 920925s1992    ii       b    101 0 eng  
010   $a   92905826 
020   $a8171170943 :$cRs160.00
035 0 $aocm27771425
040   $aDLC$cDLC$dDLC
043   $aa-ii---
050 00$aHC435.2$b.C618 1992
245 00$aConstraints of economic development in north-east India :$bproblems & prospects /$cedited by P.D. Saikia, Durgeswar Borah.
250   $a1st ed.
260   $aNew Delhi ;$aGuwahati :$bOmsons Publications,$c1992.
300   $axv, 159 p. ;$c22 cm.
500   $aIncludes index.
504   $aIncludes bibliographical references.
520   $aCollection of papers presented at a seminar held in March 10-11, 1989.
651  0$aIndia$xEconomic conditions$y1947-
700 1 $aSaikia, Padma Dhar.
700 1 $aBorah, Durgeswar,$d1940-
988   $a20020608
906   $0DLC

