LEADER 00558nam a2200169K  4500
001 003000672-4
005 20020606093309.7
008 930426s1894    gw            000 0 lat d
035 0 $aocm78719460
040   $aHLS$cHLS
110 2 $aCatholic Church.
245 10$aDie 27. Novembris.$bIn festo Manifestationis Immaculatae V.M.a Sacro Numismate vulgo Della Medaglia Miracolosa. [Missa et Officium.]
260   $a[Ratisbonae,$bFr. Pustet,$c1894.]
300   $a2 pts.$c8vo
710 2 $aCatholic Church.$kLiturgy.$tC.O., Choir Book.$gRome.
988   $a20020608
906   $0MH

