LEADER 00974nam a2200229 u 4500
001 003000673-2
005 20020606093309.7
008 930511|1972    su           |||||||ara|d
035 0 $aocm80620879
100 20$aIbn Taymīyah, Aḥmad ibn ʻAbd al-Ḥalīm,$d1263-1328.
240 10$aʻAqīdah al-Wāsiṭīyah
245 13$aal-Wāsiṭīyah wa-al-Tawḥīd li-Shaykhay al-Islām ibn Taymīyah wa-Ibn ʻAbd al-Wahhāb :$bdalīluhumā Qurʼān karīm wa-Sunnah muṭahharah /$cyuqaddimuhumā Muṣṭafá al-ʻĀlim.
246 3 $aMaʻa ʻaqīdat al-salaf.
246 3 $aTawḥīd.
260   $aJiddah :$bMuʼassasat al-Ṭibāʻah wa-al-Ṣiḥāfah wa-al-Nashr,$c1972.
300   $a2 v. in 1 ;$c24 cm.
500   $aAt head of the title: Maʻa al-ʻaqīdat al-salaf.
650  0$aIslam$xDoctrines$xEarly works to 1800.
700 1 $aʻĀlim, Muṣṭafá.
700 02$aMuḥammad ibn ʻAbd al-Wahhāb,$d1703 or 1704-1792.$tTawḥīd.$f1972.
988   $a20020608
906   $0MH

