LEADER 00555nam a2200169K  4500
001 003000674-0
005 20020606093309.7
008 930426s1899    it            000 0 lat d
035 0 $aocm82388834
040   $aHLS$cHLS
110 2 $aCatholic Church.
245 10$aFesta propria ad usum Provinciarum ecclesiasticarum S. Ludovici et Milwaukiensis.
260   $aRomæ-Tornaci,$btypis Soc. S. Joannis, Desclée, Lefebvre et Soc.,$c1899.
300   $a4 pts.$c16mo
710 2 $aCatholic Church.$kLiturgy$tBreviary$gSt. Louis & Milwaukee.
988   $a20020608
906   $0MH

