LEADER 00538nam a2200169K  4500
001 003000675-9
005 20020606093309.7
008 930426s1894    be            000 0 lat d
035 0 $aocm81784225
040   $aHLS$cHLS
110 2 $aCatholic Church.
245 10$aMissæ propriæ Sanctorum diœcesis Diniensis.
260   $aTornaci Nerviorum,$bTypis Societatis S. Joannis Evangelistæ, Desclée, Lefebvre et Soc.,$c1894.
300   $app. (4), 25, (1).$cfol.
710 2 $aCatholic Church.$kLiturgy.$tMissal.$gDigne.
988   $a20020608
906   $0MH

