LEADER 00824nam a2200265   4500
001 003000676-7
005 20020606093309.7
008 721025s1972    caua     bs   001 0 eng  
010   $a   72075106 
020   $a087872026X
035 0 $aocm00514650
040   $aDLC$cDLC$dHMG
043   $an-us---
050 0 $aH69$b.M39
082   $a300
100 1 $aMay, John D.,$ecomp.
245 10$aSocial and political inquiry;$ba working introduction to the social sciences$c[compiled by] John D. May [and] Karl J. Bemesderfer.
260   $a[Belmont, Calif.,$bDuxbury Press,$c1972]
300   $ax, 141 p.$billus.$c24 cm.
504   $aBibliography: p. 41-42.
650  0$aSocial sciences.
651  0$aUnited States$xSocial conditions$y1960-
700 1 $aBemesderfer, Karl J.,$ejoint comp.
988   $a20020608
906   $0DLC

