LEADER 00706nam a2200181K  4500
001 003000677-5
005 20020606093309.7
008 930426s1893    gw            000 0 lat d
035 0 $aocm84446552
040   $aHLS$cHLS
110 2 $aCatholic Church.
245 10$aDie 14. Aprilis.$bIn festo Beatæ Liduinæ virg. Schiedamensis. Pro civitate Schiedamensi. Duplex 2. classis. Pro diœcesi Harlemensi et pro Monasterio Carmelitarum Bruxellensium. Duplex majus.
260   $a[Ratisbonæ,$bFr. Pustet,$c1893.]
300   $app. 5, (1).$c12mo
710 2 $aCatholic Church.$kLiturgy.$tBreviary.$gSchiedam & Harlem.
710 2 $aCatholic Church.$kLiturgy.$tBreviary.$gCarmelite, Brussels.
988   $a20020608
906   $0MH

