LEADER 00523nam a2200157K  4500
001 003000678-3
005 20020606093309.7
008 930426s1899    wlk           000 0 wel d
035 0 $aocm82687821
040   $aHLS$cHLS
110 2 $aCatholic Church.$kLiturgy.$pC.O. Lay service books$gWales.
245 10$aLlyfr gweddi, yn cynnwys yr offeren yn lladin a chymraeg.$bYnghyd a defosiynan ereill ye Eglwys Catholig yng n Ghymru.
260   $aCaerdydd,$bCymdeithas Sant Teilo,$c1899.
300   $axx, 301 p.
988   $a20020608
906   $0MH

