LEADER 00508nam a2200169K  4500
001 003000679-1
005 20020606093309.7
008 930426s1893    it            000 0 lat d
035 0 $aocm77928711
040   $aHLS$cHLS
110 2 $aCatholic Church.
245 10$aDie xxxi. Augusti.$bB. Joannis Juvenialis Ancina episcopi et conf.
260   $a[Taurini,$bTyp. Pontificia Petri Marietti,$c1893.]
300   $app. 3+.$c12mo
710 2 $aCatholic Church.$kLiturgy.$tBreviary.$fAugust 31.
988   $a20020608
906   $0MH

