LEADER 00490nam a2200169K  4500
001 003000680-5
005 20020606093309.7
008 930426s1899    gw            000 0 lat d
035 0 $aocm84258539
040   $aHLS$cHLS
110 2 $aCatholic Church.
245 10$aMissae propriae festorum Ordinis Eremitarum Sancti Augustini.
260   $aRatisbonae,$bFr. Pustet,$c1899.
300   $app. 72.$c12mo
710 2 $aCatholic Church.$kLiturgy$tGradual$sAugustinian Friars.
988   $a20020608
906   $0MH

