LEADER 01852cam a2200313   4500
001 003000681-3
005 20040128111433.0
008 721110s1972    nyu      b    000 0 eng  
010   $a   72083901 //r90
020   $a067121313X
035 0 $aocm00514795
040   $aDLC$cDLC$dOCL$dm.c.$dHMG
043   $an-us---
050 00$aHT690.U6$bG76
082 00$a301.44/46/0973
100 1 $aGross, Ronald.
245 14$aThe new professionals.$cEdited by Ronald Gross and Paul Osterman.
260   $aNew York,$bSimon and Schuster$c[1972]
300   $a316 p.$c22 cm.
504   $aBibliography: p. 316.
505 00$g[1.]$tMaking ideas relevant:$tThe new intellectual /$rStaughton Lynd --$tThe new professor /$rPaul Lauter --$tThe new scientist /$rGarrett de Bell --$g[2.]$tTransforming the traditional professions:$tThe new doctor /$rH. Jack Geiger --$tThe new lawyer /$rWendy Moonan and Tom Goldstein --$tThe new clergyman /$rThomas R. Laws --$g[3.]$tChanging the professions of change:$tThe new political activism /$rDavid Hawk --$tThe new journalist /$rNat Hentoff --$tThe new teacher /$rNeil Postman --$g[4.]$tHumanizing the world of business:$tThe new businessman /$rHolly Henderson --$tThe new engineer /$rJohn E. Ullmann and Seymour Melman --$g[5.]$tNew people for the professions:$tChanging the professions: the new careers strategy /$rAlan Gartner and Frank Riessman --$tDemasculinizing the professions /$rCaroline Bird.
650  0$aProfessions$zUnited States.
651  0$aUnited States$xSocial conditions$y1960-1980.
700 1 $aOsterman, Paul.$ejoint author.
700 1 $aOsterman, Paul,$eauthor.
776 08$iOnline version:$aGross, Ronald.$tNew professionals.$dNew York, Simon and Schuster [1972]$w(OCoLC)610583990
830  0$aPower and Morality Collection at Harvard Business School$5bak
988   $a20020608
906   $0DLC

