LEADER 00503nam a2200169K  4500
001 003000682-1
005 20020606093309.7
008 930426s1893    it            000 0 lat d
035 0 $aocm84474177
040   $aHLS$cHLS
110 2 $aCatholic Church.
245 10$aDie xxxi. Augusti.$bBeati Joannis Juvenalis Ancina episcopi et confessoris.
260   $a[Taurini,$btyp. Petri Marietti,$c1893.]
300   $app. 2.$cfol.
710 2 $aCatholic Church.$kLiturgy.$tMissal.$fAugust 31.
988   $a20020608
906   $0MH

