LEADER 00506nam a2200169K  4500
001 003000683-X
005 20020606093309.7
008 930426s1894    gw            000 0 lat d
035 0 $aocm80388301
040   $aHLS$cHLS
110 2 $aCatholic Church.
245 10$aMissae propriae Sanctorum ecclesiae et dioecesis Tridentinae ad Graduale Romanum.
260   $a[Ratisbonae,$bFr. Pustet,$c1894.]
300   $app. 31, (1).$c12mo
710 2 $aCatholic Church.$kLiturgy.$tGradual.$gTrent.
988   $a20020608
906   $0MH

