LEADER 00527nam a2200169K  4500
001 003000684-8
005 20020606093309.7
008 930426s1899    gw            000 0 lat d
035 0 $aocm80587026
040   $aHLS$cHLS
110 2 $aCatholic Church.
245 10$aMissæ propriæ Sanctorum in diœcesi Senogalliensi ex apostilico inudulto celebrandæ.
260   $aRatisbonæ,$bex officina Friderici Pustet,$c1899.
300   $app. 25, (1).$cfol.
710 2 $aCatholic Church.$kLiturgy$tMissal$gSenegal.
988   $a20020608
906   $0MH

