LEADER 00508nam a2200169K  4500
001 003000685-6
005 20020606093309.7
008 930426s1894    gw            000 0 lat d
035 0 $aocm81856906
040   $aHLS$cHLS
110 2 $aCatholic Church.
245 10$aMissæ propriæ Sanctorum quæ in Hispania celebrantur.
260   $aRatisbonæ, etc.,$bsumptibus et typis Friderici Pustet,$c1894.
300   $app. (4), 76.$c16mo
710 2 $aCatholic Church.$kLiturgy.$tMissal.$gSpain.
988   $a20020608
906   $0MH

