LEADER 00644cam a2200217   4500
001 003000687-2
005 20020606093309.7
008 721114s1972    dcua     b    000 0 eng  
010   $a   72088322 
035 0 $aocm00514861
040   $aDLC$cDLC$dHMG
043   $an-us---
050 0 $aHV854$b.H36
082   $a362.7/1
100 1 $aHarrell, James A.,$ecomp.
245 10$aSelected readings in the issues of day care.$cJames A. Harrell, editor.
260   $aWashington,$bDay Care and Child Development Council of America$c[1972]
300   $a85 p.$billus.$c28 cm.
650  0$aDay care centers$zUnited States.
988   $a20020608
906   $0DLC

