LEADER 00538nam a2200169K  4500
001 003000688-0
005 20020606093309.7
008 930426s1894    gw            000 0 lat d
035 0 $aocm81396372
040   $aHLS$cHLS
110 2 $aCatholic Church.
245 10$aMissæ quorumdam Hiberniæ Sanctorum,$baliorumque festorum,$ca Sacra Rituum Congregatione adprobatæ.
260   $a[Ratisbonæ,$btypis Friderici Pustet,$c1894.]
300   $app. 7, (1).$c16mo
710 2 $aCatholic Church.$kLiturgy.$tMissal.$gIreland.
988   $a20020608
906   $0MH

