LEADER 00640nam a2200169K  4500
001 003000689-9
005 20020606093309.7
008 930426s1899    gw            000 0 lat d
035 0 $aocm78950942
040   $aHLS$cHLS
110 2 $aCatholic Church.
245 10$aMissæ propriæ Sanctorum quæ in ecclesiastica provincia Valentina scilicet in diœcesibus Valentina, Ebusensi, Majoricensi, Minoricensi, Oriolensi et Segobricensi ex concessione apostolica celebrantur.
260   $a[Ratisbonæ,$bex officina Fr. Pustet,$c1899.]
300   $app. 30, (2).$cfol.
710 2 $aCatholic Church.$kLiturgy$tMissal$gValencia.
988   $a20020608
906   $0MH

