LEADER 00521nam a2200169K  4500
001 003000690-2
005 20020606093309.7
008 930426s1893    be            000 0 lat d
035 0 $aocm78532224
040   $aHLS$cHLS
110 2 $aCatholic Church.
245 10$aDie xxvii. Maji.$bIn festo Beatorum Petri episcopi et sociorum ejus martyrum Ordinis Praedicatorum.
260   $a[Mechliniae,$bH. Dessain,$c1893.]
300   $app. 1+.$c8vo
710 2 $aCatholic Church.$kLiturgy.$tMissal.$sDominican.
988   $a20020608
906   $0MH

