LEADER 00518nam a2200169K  4500
001 003000691-0
005 20020606093309.7
008 930426s1899    it            000 0 lat d
035 0 $aocm81784227
040   $aHLS$cHLS
110 2 $aCatholic Church.
245 10$aMissæ Sanctorum celebrandæ in ecclesia Catanensi.
260   $aRomæ, etc.,$bTypis Societatis Sancti Joannis, Desclée, Lefebvre et Soc.,$c1899.
300   $app. 44.$cfol.
710 2 $aCatholic Church.$kLiturgy$tMissal$gCatania.
988   $a20020608
906   $0MH

