LEADER 00506nam a2200169K  4500
001 003000692-9
005 20020606093309.7
008 930426s1899    fr            000 0 fre d
035 0 $aocm80042043
040   $aHLS$cHLS
110 2 $aCatholic Church.
245 10$aOffices propres pour la basilique église cathédrale et le diocèse de Montpellier.
260   $aMontpellier,$bJ. Calas,$c1899.
300   $c16mo
710 2 $aCatholic Church.$kLiturgy$pC.O., Off. Propr.$gMontpellier.
988   $a20020608
906   $0MH

