LEADER 00480nam a2200169K  4500
001 003000693-7
005 20020606093309.7
008 930426s1894    gw            000 0 lat d
035 0 $aocm81795283
040   $aHLS$cHLS
110 2 $aCatholic Church.
245 10$aOfficia propria Sanctorum diœcesis Buscoducenis.
260   $a[Ratisbonæ,$bFr. Pustet,$c1894.]
300   $a4 pts.$c12mo
710 2 $aCatholic Church.$kLiturgy.$tBreviary.$g's Hertogenbosch.
988   $a20020608
906   $0MH

