LEADER 00447nam a2200169K  4500
001 003000694-5
005 20020606093309.7
008 930426s1899    gw            000 0 lat d
035 0 $aocm80606209
040   $aHLS$cHLS
110 2 $aCatholic Church.
245 10$aOfficia propria Platensis.
260   $a[Ratisbonae,$bFr. Pustet,$c1899.]
300   $a4 pts.$c12mo
710 2 $aCatholic Church.$kLiturgy$tBreviary$gLa Plata.
988   $a20020608
906   $0MH

