LEADER 00531nam a2200169K  4500
001 003000695-3
005 20020606093309.7
008 930426s1894    fr            000 0 fre d
035 0 $aocm84414397
040   $aHLS$cHLS
110 2 $aCatholic Church.
245 10$aMisses et Offices propres de la Congrégation des Oblats de Marie Immaculée.
260   $a[Marseille,$bImpr. et Libr. St. Thomas d'Aquin,$c1894.]
300   $app. (24).$c16mo
710 2 $aCatholic Church.$kLiturgy.$bC.O., Off. Propr.$bMarist.
988   $a20020608
906   $0MH

