LEADER 00521nam a2200169K  4500
001 003000696-1
005 20020606093309.7
008 930426s1908    gw            000 0 lat d
035 0 $aocm77784559
040   $aHLS$cHLS
110 2 $aCatholic Church.
245 10$aDie 11. Septembris. Beatae Nothburgae Virg.$b[Missa et Officium.
260   $aRatisbonae,$bsumptibus et typis Fr. Pustet,$c1908.]
300   $a2 pts.$c16mo
710 2 $aCatholic Church.$kLiturgy.$bC.O., Officia propria (1) - Sept. 2.
988   $a20020608
906   $0MH

