LEADER 01048cam a2200277   4500
001 003000698-8
005 20020606093309.7
008 720727s1972    onc      b    000 0 eng  
010   $a   72183079 //r85
020   $a0774400633
035 0 $aocm00515054
040   $aDLC$cDLC$dHMG
043   $an------
050 0 $aLA418.O6$bO53 no. 7$aLA186
082   $a370/.8 s$a378.1/98
100 1 $aQuarter, Jack.
245 14$aThe student movement of the sixties;$ba social-psychological analysis.
260   $a[Toronto]$bOntario Institute for Studies in Education$c[1972]
300   $ax, 138 p.$c19 cm.
490 1 $aOntario Institute for Studies in Education. Occasional papers,$v7
504   $aBibliography: p. 131-138.
650  0$aStudent movements$zNorth America.
776 08$iOnline version:$aQuarter, Jack.$tStudent movement of the sixties.$d[Toronto] Ontario Institute for Studies in Education [1972]$w(OCoLC)890677926
830  0$aOccasional papers (Ontario Institute for Studies in Education) ;$v7.
988   $a20020608
906   $0DLC

