LEADER 00542nam a2200169K  4500
001 003000699-6
005 20020606093309.7
008 930426s1895    be            000 0 lat d
035 0 $aocm77728012
040   $aHLS$cHLS
110 2 $aCatholic Church.
245 10$aMissæ propriæ Adjacensis diœcesis clero concessæ.
260   $a[Tornaci (Belg.),$bTypis Societatis S. Joannis Evangelistae, Desclée, Lefebvre et Soc.,$c1895.]
300   $app. 19, (1).$cfol.
710 2 $aCatholic Church.$kLiturgy.$tMissal.$gAjaccio.
988   $a20020608
906   $0MH

