LEADER 00524nam a2200169K  4500
001 003000700-3
005 20020606093309.7
008 930426s1894    gw            000 0 lat d
035 0 $aocm83644666
040   $aHLS$cHLS
110 2 $aCatholic Church.
245 10$aOfficia Hebdomadæ Majoris a Dominica in Palmis usque ad Sabbatum in Albis.
260   $aRatisbonæ, etc.,$bF. Pustet,$c1894.
300   $bFront. and other illustr.$c16mo
710 2 $aCatholic Church.$kLiturgy.$bC.O., Holy Week Offices.
988   $a20020608
906   $0MH

