LEADER 00510nam a2200169K  4500
001 003000702-X
005 20020606093309.7
008 930426s1894    be            000 0 lat d
035 0 $aocm79306540
040   $aHLS$cHLS
110 2 $aCatholic Church.
245 10$aOfficia propria Sanctorum diœcesis Matritensi.
260   $a[Tornaci,$bTypis Soc. S. Joann. Evang., Desclée, Lefebvre et Soc.,$c1894.]
300   $a4 pts.$c12mo
710 2 $aCatholic Church.$kLiturgy.$tBreviary.$gMadrid.
988   $a20020608
906   $0MH

