LEADER 00470nam a2200169K  4500
001 003000703-8
005 20020606093309.7
008 930426s1894    gw            000 0 lat d
035 0 $aocm83358650
040   $aHLS$cHLS
110 2 $aCatholic Church.
245 10$aOfficia propria ad usum diœcesis Bahiensis.
260   $a[Ratisbonæ,$btypis Fr. Pustet,$c1894.]
300   $a4 pts.$c12mo
710 2 $aCatholic Church.$kLiturgy.$tBreviary.$gBahia.
988   $a20020608
906   $0MH

