LEADER 00513nam a2200169K  4500
001 003000704-6
005 20020606093309.7
008 930426s1899    it            000 0 lat d
035 0 $aocm84068050
040   $aHLS$cHLS
110 2 $aCatholic Church.
245 10$aOfficia Sanctorum Mutinensis ecclesiæ ac Nonantulanæ.
260   $aRomæ-Tornaci,$btyp. Soc. S. Joannis, Desclée, Lefebvre et Soc.,$c1899.
300   $a4 pts.$c16mo
710 2 $aCatholic Church.$kLiturgy$tBreviary$gMutina.
988   $a20020608
906   $0MH

