LEADER 00496nam a2200169K  4500
001 003000705-4
005 20020606093309.7
008 930426s1893    gw            000 0 lat d
035 0 $aocm78019719
040   $aHLS$cHLS
110 2 $aCatholic Church.
245 10$aDie 23. Maji. S. Joannis Baptistæ de Rossi confessoris. Alia Missa.
260   $a[Ratisbonæ,$btypis Fr. Pustet,$c1893.]
300   $app. 3, (1).$c8vo
710 2 $aCatholic Church.$kLiturgy.$tGradual.$gRome.
988   $a20020608
906   $0MH

