LEADER 00472nam a2200169K  4500
001 003000706-2
005 20020606093309.7
008 930426s1894    gw            000 0 lat d
035 0 $aocm84297560
040   $aHLS$cHLS
110 2 $aCatholic Church.
245 10$aOfficia propria Sanctorum diœcesis Tridentinæ.
260   $aRatisbonæ, etc.,$bFr. Pustet,$c1894.
300   $a4 pts.$c16mo
710 2 $aCatholic Church.$kLiturgy.$tBreviary.$gTrent.
988   $a20020608
906   $0MH

