LEADER 00533nam a2200169K  4500
001 003000707-0
005 20020606093309.7
008 930426s1895    xx            000 0 lat d
035 0 $aocm79096487
040   $aHLS$cHLS
110 2 $aCatholic Church.
245 10$aMissæ propriæ diœcesis Lemovicensis.
260   $aTornaci Nerviorum,$bsumptibus et typis Soc. S. Joannis Evangelistæ, Desclée, Lefebvre et Soc.,$c1895.
300   $app. x, 52.$cfol.
710 2 $aCatholic Church.$kLiturgy.$tMissal.$gLimoges.
988   $a20020608
906   $0MH

