LEADER 00466nam a2200169K  4500
001 003000708-9
005 20020606093309.7
008 930426s1894    gw            000 0 lat d
035 0 $aocm79058027
040   $aHLS$cHLS
110 2 $aCatholic Church.
245 10$aOfficia propria diœcesis Cremonensis.
260   $a[Ratisbonæ,$btypis Fr. Pustet,$c1894.]
300   $a4 pts.$c12mo
710 2 $aCatholic Church.$kLiturgy.$tBreviary.$gCremona.
988   $a20020608
906   $0MH

