LEADER 00530nam a2200157K  4500
001 003000709-7
005 20020606093309.7
008 930426s1908    xx            000 0 lat d
035 0 $aocm83069343
040   $aHLS$cHLS
110 2 $aCatholic Church.
245 10$aDirectorium horarum canonicarum et missarum pro dioecesi Vilnensi in annum domini 1909.$cAuctoritate et mandato Casimiri Nicolai Michalkiewicz.
260   $aVilnae,$bJ. Zavadzki.$c1908.
710 2 $aCatholic Church.$kLiturgy.$tDirectory.$gVilna.
988   $a20020608
906   $0MH

