LEADER 00480nam a2200169K  4500
001 003000710-0
005 20020606093309.7
008 930426s1899    gw            000 0 lat d
035 0 $aocm80924498
040   $aHLS$cHLS
110 2 $aCatholic Church.
245 10$aOfficia Sanctorum pro civitate et diœcesi Bergomensi.
260   $a[Ratisbonæ,$btypis Fr. Pustet,$c1899.]
300   $a4 pts.$c12mo
710 2 $aCatholic Church.$kLiturgy$tBreviary$gBergamo.
988   $a20020608
906   $0MH

