LEADER 00497nam a2200169K  4500
001 003000711-9
005 20020606093309.7
008 930426s1893    gw            000 0 lat d
035 0 $aocn234323946
040   $aHLS$cHLS
110 2 $aCatholic Church.
245 10$aDie 25. Novembris.$bIn festo S. Tharsicii acolythi martyris.
260   $a[Ratisbonæ,$bex officina Fr. Pustet,$c1893.]
300   $app. 2.$c8vo
710 2 $aCatholic Church.$kLiturgy.$tGradual.$fNovember 25.
988   $a20020608
906   $0MH

