LEADER 00703nam a2200169K  4500
001 003000712-7
005 20020606093309.7
008 930426s1895    xx            000 0 lat d
035 0 $aocm79016474
040   $aHLS$cHLS
110 2 $aCatholic Church.
245 10$aMissae propriae quae in archidioecesi Toletana celebrantur in quibus etiam inveniuntur Missae propriae festorum ex dioecesibus subjectis Cauriensi, Conchensi, Matrit.-Complutensi, Placentina et Seguntina.
260   $aTornaci Nerviorum,$bTypis Societatis S. Joannis Evangelistae, Desclée, Lefebvre et Soc., Edit. Pont.,$c1895.
300   $app. x, 44.$cfol.
710 2 $aCatholic Church.$kLiturgy.$tMissal.$gToledo.
988   $a20020608
906   $0MH

