LEADER 00497nam a2200169K  4500
001 003000713-5
005 20020606093309.7
008 930426s1894    be            000 0 lat d
035 0 $aocm78445091
040   $aHLS$cHLS
110 2 $aCatholic Church.
245 10$aOfficia propria diœcesis Diniensis.
260   $aTornaci,$bTypis Soc. S. Joannis Evang., Desclée, Lefebvre et Soc.,$c1894.
300   $a4 pts.$c16mo
710 2 $aCatholic Church.$kLiturgy.$tBreviary.$gDigne.
988   $a20020608
906   $0MH

