LEADER 00504nam a2200169K  4500
001 003000714-3
005 20020606093309.7
008 930426s1894    gw            000 0 lat d
035 0 $aocm78836211
040   $aHLS$cHLS
110 2 $aCatholic Church.
245 10$aOfficia propria Sanctorum ecclesiæ cathedralis, civitatis et diœcesis Leodiensis.
260   $a[Ratisbonæ,$bFr. Pustet,$c1894.]
300   $a4 pts.$c12mo
710 2 $aCatholic Church.$kLiturgy.$tBreviary.$gLiège.
988   $a20020608
906   $0MH

