LEADER 00480nam a2200169K  4500
001 003000715-1
005 20020606093309.7
008 930426s1908    gw            000 0 lat d
035 0 $aocm83701968
040   $aHLS$cHLS
110 2 $aCatholic Church.
245 10$aMissæ propriæ Sanctorum diœcesis Rottenburgensis.
260   $a[Ratisbonæ,$bFr.Pustet,$c1908.]
300   $app. 10, (2).$c16mo
710 2 $aCatholic Church.$kLiturgy.$tMissal.$gRothenburg.
988   $a20020608
906   $0MH

