LEADER 00552nam a2200169K  4500
001 003000716-X
005 20020606093309.7
008 930426s1899    be            000 0 lat d
035 0 $aocm80947110
040   $aHLS$cHLS
110 2 $aCatholic Church.
245 10$aOfficium proprium Sanctorum a clero sæculari et regulari in Melitensi diœcesi recitanda.
260   $aTornaci,$btyp. Soc. S. Joannnis, Desclée, Lefebvre et Soc.,$c[Imprim. 1899].
300   $a4 pts.$c16mo
710 2 $aCatholic Church.$kLiturgy$tBreviary$gMalta.
988   $a20020608
906   $0MH

