LEADER 00487nam a2200169K  4500
001 003000717-8
005 20020606093309.7
008 930426s1893    gw            000 0 lat d
035 0 $aocm79611090
040   $aHLS$cHLS
110 2 $aCatholic Church.
245 10$aDie 16. Octobris.$bIn festo Beati Gerardi Majella conf.
260   $a[Ratisbonæ,$bFr. Pustet,$c1893.]
300   $app. 3, (1).$c12mo
710 2 $aCatholic Church.$kLiturgy.$tBreviary.$sRedemptorist.
988   $a20020608
906   $0MH

