LEADER 00518nam a2200169K  4500
001 003000718-6
005 20020606093309.7
008 930426s1895    gw            000 0 lat d
035 0 $aocm78249563
040   $aHLS$cHLS
110 2 $aCatholic Church.
245 10$aMissæ propriæ Sanctorum ecclesiæ et diœcesis Tridentinæ.
260   $aRatisbonæ, etc.,$bsumptibus, chartis et typis Friderici Pustet,$c1895.
300   $app. 32.$c16mo
710 2 $aCatholic Church.$kLiturgy.$tMissal.$gTrent.
988   $a20020608
906   $0MH

