LEADER 00487nam a2200169K  4500
001 003000719-4
005 20020606093309.7
008 930426s1893    gw            000 0 lat d
035 0 $aocm83938257
040   $aHLS$cHLS
110 2 $aCatholic Church.
245 10$aDie 17. Septembris.$bIn festo Sanctæ Hildegardis, virginis.
260   $a[Ratisbonæ,$bFr. Pustet,$c1893.]
300   $app. 4.$c12mo
710 2 $aCatholic Church.$kLiturgy.$tBreviary.$fSeptember 17.
988   $a20020608
906   $0MH

