LEADER 00525nam a2200169K  4500
001 003000720-8
005 20020606093309.7
008 930426s1895    xx            000 0 lat d
035 0 $aocm77674844
040   $aHLS$cHLS
110 2 $aCatholic Church.
245 10$aMissæ propriæ Sanctorum ex apostolico indulto concessæ civitati et dioecesi Forisempronii.
260   $a[Taurini,$bPetri Marietti,$c1895.]
300   $app. 19, (1).$cfol.
710 2 $aCatholic Church.$kLiturgy.$tMissal.$gFossombróne.
988   $a20020608
906   $0MH

