LEADER 00496nam a2200169K  4500
001 003000721-6
005 20020606093309.7
008 930426s1908    gw            000 0 lat d
035 0 $aocm83761482
040   $aHLS$cHLS
110 2 $aCatholic Church.
245 10$aMissæ propriæ Sanctorum pro archidiœcesi Viennensi.
260   $a[Ratisbonæ,$bFriderici Pustet, etc., etc.,$c1908.
300   $app. iv, 15+.$cfol.
710 2 $aCatholic Church.$kLiturgy.$tMissal.$gVienna.
988   $a20020608
906   $0MH

