LEADER 00550nam a2200169K  4500
001 003000722-4
005 20020606093309.7
008 930426s1894    it            000 0 lat d
035 0 $aocm83162943
040   $aHLS$cHLS
110 2 $aCatholic Church.
245 10$aOfficia propria in ecclesiis Subalpinis, Liguriæ et Æmiliæ præter ea quæ in super. Append. pro aliq. locis continentur.
260   $a[Taurini,$bP. Marietti,$c1894.]
300   $app. 72.$c24to
710 2 $aCatholic Church.$kLiturgy.$tBreviary.$gPiedmont, &c.
988   $a20020608
906   $0MH

