LEADER 00760nam a2200169K  4500
001 003000723-2
005 20020606093309.7
008 930426s1899    sp            000 0 lat d
035 0 $aocm79282788
040   $aHLS$cHLS
110 2 $aCatholic Church.
245 10$aOrdo Divini Officii recitandi sacrique peragendi in alma cathedrali basilica ecclesia et diœcesi Matritensi-Complutensi,$bjuxta Brevier. et Missal. Roman. ac cæremon. rubricas, necnon juxta S.R.C. recentiora decreta ad normam Kalendarii perpetui in usum hujusce diœcesis die 13. Januar. 1896. a S.R.C. approbati pro A.D. 1899.
260   $aMatriti,$bex officina libraria "Rezo Romano",$c1899.
300   $c16mo
710 2 $aCatholic Church.$kLiturgy$tDirectory$gMadrid.
988   $a20020608
906   $0MH

