LEADER 00517nam a2200169K  4500
001 003000724-0
005 20020606093309.7
008 930426s1894    gw            000 0 lat d
035 0 $aocm83306392
040   $aHLS$cHLS
110 2 $aCatholic Church.
245 10$aOfficia propria SS. Patronorum Regni Hungariæ aliaque ibi recitari solita.
260   $a[Ratisbonæ,$bFr. Pustet,$c1894.]
300   $a4 pts. (separately paged).$c12mo
710 2 $aCatholic Church.$kLiturgy.$tBreviary.$gHungary.
988   $a20020608
906   $0MH

