LEADER 00461nam a2200169K  4500
001 003000725-9
005 20020606093309.7
008 930426s1894    it            000 0 lat d
035 0 $aocm82203910
040   $aHLS$cHLS
110 2 $aCatholic Church.
245 10$aOfficia propria insignis ecclesiæ Ruthenensis.
260   $aTuronibus,$bA. Mame,$c1894.
300   $a4 pts.$c24to
710 2 $aCatholic Church.$kLiturgy.$tBreviary.$gRodez.
988   $a20020608
906   $0MH

