LEADER 00493nam a2200169K  4500
001 003000726-7
005 20020606093309.7
008 930426s1894    gw            000 0 lat d
035 0 $aocm84414930
040   $aHLS$cHLS
110 2 $aCatholic Church.
245 10$aDie 31.Januarii. Beati Francisci Xaverii Mariæ Bianchi confessoris.
260   $a[Ratisbonæ,$btypis Fr. Pustet,$c1894.]
300   $app. 2.$cfol.
710 2 $aCatholic Church.$kLiturgy.$tMissal.$gNaples.
988   $a20020608
906   $0MH

