LEADER 00509nam a2200169K  4500
001 003000727-5
005 20020606093309.7
008 930426s1895    gw            000 0 lat d
035 0 $aocm78691365
040   $aHLS$cHLS
110 2 $aCatholic Church.
245 10$aMissæ propriæ Sanctorum in provincia ecclesiastica Vallisoletana celebrandæ.
260   $a[Ratisbonæ,$btypis Fr. Pustet,$c1895.]
300   $app. 16.$cfol.
710 2 $aCatholic Church.$kLiturgy.$tMissal.$gValladolid.
988   $a20020608
906   $0MH

