LEADER 00639nam a2200181K  4500
001 003000728-3
005 20020606093309.7
008 930426s1899    fr            000 0 lat d
035 0 $aocm80959765
040   $aHLS$cHLS
110 2 $aCatholic Church.
245 10$aOrdo Divini Officii recitandi sacrique peragendi juxta Kalendarium cleri Romani et apostolicas concess[i]ones ad usum presbyterorum SS. Cordis Jesu de Betharram pro anno 1899.
260   $aParisiis,$bapud Carolum Poussielgue,$c1899.
300   $c16mo
500   $aAt head of title: F.V.D.
710 2 $aCatholic Church.$kLiturgy$tDirectory$gCordite.
988   $a20020608
906   $0MH

