LEADER 00469nam a2200169K  4500
001 003000729-1
005 20020606093309.7
008 930426s1908    be            000 0 lat d
035 0 $aocm84217972
040   $aHLS$cHLS
110 2 $aCatholic Church.
245 10$aOfficia propria ecclesiæ Goritiensi concessa.
260   $a[Mechliniæ,$bH. Dessain,$c1908.]
300   $a4 pts.$c24to
710 2 $aCatholic Church.$kLiturgy.$tBreviary.$gGoritzia.
988   $a20020608
906   $0MH

