LEADER 00517nam a2200169K  4500
001 003000730-5
005 20020606093309.7
008 930426s1894    xx            000 0 lat d
035 0 $aocm80282104
040   $aHLS$cHLS
110 2 $aCatholic Church.
245 10$aOfficium de Sancto Juliano apostolo primo Cenomanensium episcopo juxta Ritum monasticum.
260   $a[Solesmis,$btypis S. Petri,$c1894.]
300   $app. 11+.$c8vo
710 2 $aCatholic Church.$kLiturgy.$tBreviary.$sBenedictine.
988   $a20020608
906   $0MH

