LEADER 00645nam a2200169K  4500
001 003000731-3
005 20020606093309.7
008 930426s1893    xx            000 0 lat d
035 0 $aocm77872908
040   $aHLS$cHLS
110 2 $aCatholic Church.
245 10$aDirectorium pro clericis scholarum piarum in provincia utriusque Castellae, Baeticae, Murciae et Gallaeciae ad Divinum Officium persolvendum sacrumque faciendum, juxta Breviarii, Missalis ac S.R.C. decreta pro A.D. 1894.
260   $aMatriti,$btypis August. Avrial,$c1893.
300   $c12mo
710 2 $aCatholic Church.$kLiturgy.$tDirectory.$sCastille, &c.
988   $a20020608
906   $0MH

