LEADER 00437nam a2200169K  4500
001 003000732-1
005 20020606093309.7
008 930426s1899    fr            000 0 lat d
035 0 $aocm84939149
040   $aHLS$cHLS
110 2 $aCatholic Church.
245 10$aProprium Lugdunense.
260   $aLugduni,$bEmmanuel Vitte,$c1899.
300   $a4 pts.$c12mo
710 2 $aCatholic church.$kLiturgy$tBreviary$gLyons.
988   $a20020608
906   $0MH

