LEADER 00490nam a2200169K  4500
001 003000733-X
005 20020606093309.7
008 930426s1894    xx            000 0 lat d
035 0 $aocm80035065
040   $aHLS$cHLS
110 2 $aCatholic Church.
245 10$aDie xxvii.Julii. BB. Rodulfi Aquaviva et soc. Mart. Societatis Jesu.
260   $a[Mechliniæ,$bH. Dessain,$c1894.]
300   $app. 3+.$c12mo
710 2 $aCatholic Church.$kLiturgy.$tBreviary.$sJesuit.
988   $a20020608
906   $0MH

