LEADER 00495nam a2200169K  4500
001 003000734-8
005 20020606093309.7
008 930426s1894    be            000 0 lat d
035 0 $aocm82203720
040   $aHLS$cHLS
110 2 $aCatholic Church.
245 10$aOfficium monast. S. Familiæ.
260   $aTornaci,$btypis Soc. S. Joannis Evang., Desclée, Lefebvre et Soc.,$c1894.
300   $app. 8.$c8vo
710 2 $aCatholic Church.$kLiturgy.$tBreviary.$sBenedictine.
988   $a20020608
906   $0MH

