LEADER 00497nam a2200169K  4500
001 003000735-6
005 20020606093309.7
008 930426s1893    gw            000 0 lat d
035 0 $aocm79743793
040   $aHLS$cHLS
110 2 $aCatholic Church.
245 10$aDominica III, post Epiphaniam.$bIn festo Sanctæ Familiæ Jesu, Mariæ, Joseph.
260   $a[Ratisbonæ,$bFr. Pustet,$c1893.]
300   $app. 10, (2).$c12mo
710 2 $aCatholic Church.$kLiturgy.$tBreviary.
988   $a20020608
906   $0MH

