LEADER 00515nam a2200169K  4500
001 003000736-4
005 20020606093309.7
008 930426s1899    gw            000 0 lat d
035 0 $aocm83616334
040   $aHLS$cHLS
110 2 $aCatholic Church.
245 10$aProprium Missarum archidiœceseos Sancti Sebastiani Fluminis Januarii.
260   $aRatisbonæ,$bex off. Friederici Pustet,$c1899.
300   $app. (4), 67+.$cfol.
710 2 $aCatholic Church.$kLiturgy$tMissal$gRio de Janeiro.
988   $a20020608
906   $0MH

