LEADER 00471nam a2200169K  4500
001 003000737-2
005 20020606093309.7
008 930426s1894    gw            000 0 lat d
035 0 $aocm83218318
040   $aHLS$cHLS
110 2 $aCatholic Church.
245 10$aDie 27.Junii. Ss. Nicandri, Marciani et Dariæ Mm.
260   $a[Ratisbonæ,$bFr. Pustet,$c1894.]
300   $app. 4.$c12mo
710 2 $aCatholic Church.$kLiturgy.$tBreviary.$gNaples.
988   $a20020608
906   $0MH

