LEADER 00772nam a2200169K  4500
001 003000738-0
005 20020606093309.7
008 930426s1895    xx            000 0 lat d
035 0 $aocm82855111
040   $aHLS$cHLS
110 2 $aCatholic Church.
245 10$aMissæ propriæ Sanctorum, quorum Festa in Hispania, et respective in aliis regnis ac provinciis Regi Catholico subjectis celebrari possunt ab omnibus fratribus et sororibus Ordinis Prædicatorum ibidem commorantibus, dummodo dicta Festa ab universo clero, tam sæculari, quam regulari celebrentur.
260   $a[Tornaci,$bTypis Societatis S. Joannis Evangelistæ, Desclée, Lefebvre et Soc.,$c1895.]
300   $app. 22.$cfol.
710 2 $aCatholic Church.$kLiturgy.$tMissal.$gSpain.
988   $a20020608
906   $0MH

