LEADER 00447nam a2200169K  4500
001 003000739-9
005 20020606093309.7
008 930426s1894    xx            000 0 lat d
035 0 $aocm82855115
040   $aHLS$cHLS
110 2 $aCatholic Church.
245 10$aOfficium S. Familiæ cum cantu.
260   $aSolesmis,$btypis S. Petri,$c1894.
300   $app. 6, (2).$c8vo
710 2 $aCatholic Church.$kLiturgy.$tBreviary.
988   $a20020608
906   $0MH

