LEADER 00488nam a2200169K  4500
001 003000740-2
005 20020606093309.7
008 930426s1899    it            000 0 lat d
035 0 $aocm83997400
040   $aHLS$cHLS
110 2 $aCatholic Church.
245 10$aS. Vercell. ecclesiæ metropolitanæ Kalendarium pro anno 1899.
260   $aVercellis,$btypis G. Chiais,$c[1899.]
300   $bFront.$c8vo
710 2 $aCatholic Church.$kLiturgy$tDirectory$gVercelli.
988   $a20020608
906   $0MH

