LEADER 00510nam a2200169K  4500
001 003000741-0
005 20020606093309.7
008 930426s1908    be            000 0 lat d
035 0 $aocn234323952
040   $aHLS$cHLS
110 2 $aCatholic Church.
245 10$aOfficia propria Missionariorum Filiorum Immac.Cordis B.Mariæ V.
260   $a[Mechliniæ,$bH. Dessain,$c1908.]
300   $a2 pt.$c16mo
710 2 $aCatholic Church.$kLiturgy.$tBreviary.$sHoly Ghost & Imm. Heart of Mary.
988   $a20020608
906   $0MH

