LEADER 00561nam a2200181K  4500
001 003000742-9
005 20020606093309.7
008 930426s1894    gw            000 0 lat d
035 0 $aocm84258543
040   $aHLS$cHLS
110 2 $aCatholic Church.
245 10$aProprium Missarum in usum diœcesium Angliæ.$bAdjunctis Missis novis et novissimis.
250   $aEditio 4a.
260   $aRatisbonæ, etc.,$bsumptibus et typis Friderici Pustet,$c1894.
300   $app. 40.$c16mo
710 2 $aCatholic Church.$kLiturgy.$tMissal.$gEngland.
988   $a20020608
906   $0MH

