LEADER 00483nam a2200169K  4500
001 003000743-7
005 20020606093309.7
008 930426s1894    gw            000 0 lat d
035 0 $aocm81317949
040   $aHLS$cHLS
110 2 $aCatholic Church.
245 10$aDie 27.Junii. SS. Nicandri, Marciani et Dariæ martyrum.
260   $a[Ratisbonæ,$btypis Fr. Pustet,$c1894.]
300   $app. (2).$cfol.
710 2 $aCatholic Church.$kLiturgy.$tMissal.$gNaples.
988   $a20020608
906   $0MH

