LEADER 00519nam a2200169K  4500
001 003000744-5
005 20020606093309.7
008 930426s1895    be            000 0 lat d
035 0 $aocm80821738
040   $aHLS$cHLS
110 2 $aCatholic Church.
245 10$aOfficia propria dioecesi Calaguritanae.$nPars Hiemalis.
260   $a[Tornaci, (Belg.),$btypis Societatis S. Joannis Evangelistae,$c1895.
300   $app. 19, (1).$c12mo
710 2 $aCatholic Church.$kLiturgy.$tBreviary.$gCagliari.
988   $a20020608
906   $0MH

