LEADER 00438nam a2200157K  4500
001 003000745-3
005 20020606093309.7
008 930426q19001993wiu           000 0 eng d
035 0 $aocm81747083
040   $aHLS$cHLS
110 2 $aCatholic Church.
245 10$aManual for the Holy Eucharist.$cCompiled by the rector of the Home school.
250   $a10th ed.
260   $aMilwaukee,$bMorehous Publishing Co.$c[19- ]
988   $a20020608
906   $0MH

