LEADER 00487nam a2200169K  4500
001 003000746-1
005 20020606093309.7
008 930426s1908    be            000 0 lat d
035 0 $aocm82387880
040   $aHLS$cHLS
110 2 $aCatholic Church.
245 10$aOfficia propria Ordinis Servorum B.M.V.
260   $aMechliniæ,$bH. Dessain,$c1908.
300   $a4 pts. (with covering title-page).$c24to
710 2 $aCatholic Church.$kLiturgy.$tBreviary.$sServite.
988   $a20020608
906   $0MH

