LEADER 00555nam a2200169K  4500
001 003000747-X
005 20020606093309.7
008 930426s1894    gw            000 0 lat d
035 0 $aocm79907556
040   $aHLS$cHLS
110 2 $aCatholic Church.
245 10$aProprium Missarum quæ præter Missas pro clero Romano indultas in aliquibus diœcesibus Statuum Fœderatorum Americæ celebrantur.
260   $a[Ratisbonæ,$btypis Fr. Pustet,$c1894.]
300   $app. 4.$c16mo
710 2 $aCatholic Church.$kLiturgy.$tMissal.$gU.S.A.
988   $a20020608
906   $0MH

