LEADER 00521nam a2200169K  4500
001 003000748-8
005 20020606093309.7
008 930426s1894    xx            000 0 lat d
035 0 $aocm83142227
040   $aHLS$cHLS
110 2 $aCatholic Church.
245 10$aDie xxx.Maji.$bIn festo Beati Guillelmi a Tolosa,$cconf. Ord. Eremit. S. Augustini.
260   $a[Mechliniæ,$bH. Dessain,$c1894.]
300   $app. 1, (1).$c16mo
710 2 $aCatholic Church.$kLiturgy.$tBreviary.$sAugustinian Friars.
988   $a20020608
906   $0MH

