LEADER 00458nam a2200169K  4500
001 003000749-6
005 20020606093309.7
008 930426s1895    xx            000 0 lat d
035 0 $aocm84431996
040   $aHLS$cHLS
110 2 $aCatholic Church.
245 10$aOfficia propria dioecesis Rothomagensis.
260   $aRothomagi,$bapud Fleury,$c1895.
300   $a4 pts.$c12mo
710 2 $aCatholic Church.$kLiturgy.$tBreviary.$gRouen.
988   $a20020608
906   $0MH

