LEADER 00524nam a2200169K  4500
001 003000750-X
005 20020606093309.7
008 930426s1894    gw            000 0 lat d
035 0 $aocm77674846
040   $aHLS$cHLS
110 2 $aCatholic Church.
245 10$aDie 10.Maji.$bIn festo Beati Joannis de Avila confessoris Presbyteri Sæcularis Magistri nuncupati.
260   $a[Ratisbonæ,$bFr. Pustet,$c1894.]
300   $app. 3, (1).$c12mo
710 2 $aCatholic Church.$kLiturgy.$tBreviary.$gSpain.
988   $a20020608
906   $0MH

