LEADER 00495nam a2200169K  4500
001 003000751-8
005 20020606093309.7
008 930426s1893    quc           000 0 lat d
035 0 $aocm78576741
040   $aHLS$cHLS
110 2 $aCatholic Church.
245 10$aDominica iii. post Epiphaniam Sanctæ Familiæ Jesu, Mariæ, Joseph.
260   $a[Montréal,$bArbour & Laperle, imprimeurs,$c1893.]
300   $app. 2.$cfol.
710 2 $aCatholic Church.$kLiturgy.$tMissal.
988   $a20020608
906   $0MH

