LEADER 00725nam a2200181K  4500
001 003000753-4
005 20020606093309.7
008 930426s1900    nyu           000 0 lat d
035 0 $aocm77784560
040   $aHLS$cHLS
110 2 $aCatholic Church.
240 10$aBreviarium romanum
245 10$aBreviarium romanum;$bex decreto sacrosanti concilii tridentini restitutum S. Pii V. pontificis maximi. Jussu editum Clementis VIII. Urbani VIII. et Leonis XIII. Auctoritate recognitum cum officiis sanctorum. Novissime per summos pontifices usque ad hanc diem concessis.
260   $aNew York [etc.]$bBenziger Brothers,$c1900.
300   $a4 v.
505 0 $aHiemalis. -- Verna. -- Autumnalis. -- Estiva.
988   $a20020608
906   $0MH

