LEADER 00510nam a2200169K  4500
001 003000754-2
005 20020606093309.7
008 930426s1895    xx            000 0 lat d
035 0 $aocm82737608
040   $aHLS$cHLS
110 2 $aCatholic Church.
245 10$aOfficia propria provinciae Vallisoletanae.
260   $a[Tornaci,$btypis Soc. S. Joannis Evang., Desclée, Lefebvre et Soc.,$c1895.]
300   $a4 pts.$c12mo
710 2 $aCatholic Church.$kLiturgy.$tBreviary.$gValladolid.
988   $a20020608
906   $0MH

