LEADER 00756nam a2200217K  4500
001 003000755-0
005 20131122103341.0
008 930426s1894    fr            000 0 und d
035 0 $aocm83847795
040   $aHLS$cHLS
110 2 $aCatholic Church.
245 10$aProsolarium ecclesiae Aniciensis.$cOffice en vers de la circoncision en usage dans l'église du Puy. Publié par Ulysse Chevalier.
260   $aParis,$b[A.] Picard,$c1894.
300   $a63 p.
490 1 $aBibliotheque liturgique,$vv. 1
610 10$aPuy (Le), France.$bNotre-Dame (Cathedral)
700 1 $aChevalier, Ulysse,$d1841-1923,$eed.
710 2 $aCatholic Church.$kLiturgy.$bC.O., Officia Propr.$gPuy (Le)
830  0$aBibliotheque liturgique ;$vt. 1.
988   $a20020608
906   $0MH

