LEADER 00546nam a2200169K  4500
001 003000756-9
005 20020606093309.7
008 930426s1900    mau           000 0 eng d
035 0 $aocm81857978
040   $aHLS$cHLS
110 2 $aCatholic Church.
245 10$aCatholic prayers in Spanish and English,$bselected and arranged for the occasion of the visit to the United States of the school teachers of Cuba.
260   $a[Boston.]$c1900.
300   $c24to
710 2 $aCatholic Church.$kLiturgy$bParoissiens &c.$gU.S.A.
988   $a20020608
906   $0MH

