LEADER 00521nam a2200169K  4500
001 003000758-5
005 20020606093309.7
008 930426s1895    gw            000 0 lat d
035 0 $aocm77674847
040   $aHLS$cHLS
110 2 $aCatholic Church.
245 10$aOfficia propria Sanctorum ecclesiae et dioecesis Tridentinae ad Vesperale et Antiphonarium Romanum.
260   $a[Ratisbonae,$bFr. Pustet,$c1895.]
300   $app. 48.$c8vo
710 2 $aCatholic Church.$kLiturgy.$tAntiphoner.$gTrent.
988   $a20020608
906   $0MH

