LEADER 00498nam a2200169K  4500
001 003000759-3
005 20020606093309.7
008 930426s1894    fr            000 0 fre d
035 0 $aocm78019720
040   $aHLS$cHLS
110 2 $aCatholic Church.
245 10$aSupplément des Offices de l'Église à l'usage du diocèse de Tulle.
260   $aParis,$bLibraire Victor Lecoffre,$c1894.
300   $app. 143.$c12mo
710 2 $aCatholic Church.$kLiturgy.$tBreviary.$gTulle.
988   $a20020608
906   $0MH

