LEADER 00459nam a2200169K  4500
001 003000760-7
005 20020606093309.7
008 930426s1908    be            000 0 lat d
035 0 $aocm81882578
040   $aHLS$cHLS
110 2 $aCatholic Church.
245 10$aOfficia propria pro diœcesi Augustana.
260   $a[Mechliniæ,$bH. Dessain,$c1908.]
300   $a4 pts.$c16mo
710 2 $aCatholic Church.$kLiturgy.$tBreviary.$gTurin.
988   $a20020608
906   $0MH

