LEADER 00527nam a2200181K  4500
001 003000761-5
005 20020606093309.7
008 930427s1894    xx            000 0 lat d
035 0 $aocm80515750
040   $aHLS$cHLS
110 2 $aCatholic Church.
245 10$aSupplementum.
260   $a[Mechliniæ,$bH. Dessain,$c1894.]
300   $a4 pt.$c8vo
710 2 $aCatholic Church.$kLiturgy.$tBreviary.$sBenedictine, Germany.
710 2 $aCatholic Church.$kLiturgy.$tBreviary.$sBenedictine, Switzerland.
988   $a20020608
906   $0MH

