LEADER 00530nam a2200169K  4500
001 003000762-3
005 20020606093309.7
008 930427s1894    xx            000 0 lat d
035 0 $aocm83358659
040   $aHLS$cHLS
110 2 $aCatholic Church.
245 10$aDominica iii.post Epiphaniam.$bIn festo Sanctæ Familiæ Jesu, Mariæ, Joseph.$cJuxta ritum Monasticum.
260   $a[Mechliniæ,$bH. Dessain,$c1894.]
300   $app. 10.$c16mo
710 2 $aCatholic Church.$kLiturgy.$tBreviary.$sBenedictine.
988   $a20020608
906   $0MH

