LEADER 00575nam a2200169K  4500
001 003000763-1
005 20020606093309.7
008 930427s1900    it            000 0 lat d
035 0 $aocm81348995
040   $aHLS$cHLS
110 2 $aCatholic Church.
245 10$aDie xxviii. Aprilis.$bIn festo S. Prudentii episcopi Turiasonensis, et Primarii Patroni Provinciæ de Alava diœcesis Victoriensis.
260   $a[Romæ-Tornaci,$bTypis Soc. S. Joannis Evang.,$c1900.]
300   $app. 5, (1).$c16mo
710 2 $aCatholic Church.$kLiturgy$tBreviary$gAlava.
988   $a20020608
906   $0MH

