LEADER 00651nam a2200169K  4500
001 003000764-X
005 20020606093309.7
008 930427s1895    gw            000 0 lat d
035 0 $aocm82618390
040   $aHLS$cHLS
110 2 $aCatholic Church.
245 10$aOfficia propria Sanctorum quae in Provincia ecclesiastica Vallisoletana scilicet in dioecesibus Vallisoletana, Abulensi, Asturicensi, Civitatensi, Salmantia, Segoviensi et Zamorensi recitantur.
260   $aRatisbonae, etc.,$bFr. Pustet,$c1895.
300   $a4 pts. (with covering title-page).$c12mo.
710 2 $aCatholic Church.$kLiturgy.$tBreviary.$gValladolid.
988   $a20020608
906   $0MH

