LEADER 00465nam a2200169K  4500
001 003000765-8
005 20020606093309.7
008 930427s1894    gw            000 0 lat d
035 0 $aocm82203722
040   $aHLS$cHLS
110 2 $aCatholic Church.
245 10$aSupplementum ad Proprium Sanctorum Angliæ.
260   $a[Ratisbonæ,$bFr. Pustet,$c1894.]
300   $a5 pts.$c12mo
710 2 $aCatholic Church.$kLiturgy.$tBreviary.$gEngland.
988   $a20020608
906   $0MH

