LEADER 00679nam a2200181K  4500
001 003000766-6
005 20020606093309.7
008 930427m18931901fr            000 0 fre d
035 0 $aocn236084392
040   $aHLS$cHLS
110 2 $aCatholic Church.$bPope (1878-1903 : Leo XIII)
245 10$aLettres apostoliques de Léon XIII, encycliques, brefs, etc.$cTexte latin avec la traduction française en regard. Précédées d'une notice biographique suivies d'une table alphabétique, Tom i-vi.
260   $aParis$b[Maison de la bonne presse,$c1893-1901.]
300   $bPort.
650  0$aPapacy$tDoc. 1878-1903.
700 0 $aLeo$bXIII,$cPope,$d1810-1903.
988   $a20020608
906   $0MH

