LEADER 00500nam a2200169K  4500
001 003000768-2
005 20020606093309.7
008 930427n        gw            000 0 ita d
035 0 $aocm83358719
040   $aHLS$cHLS
110 2 $aCatholic Church.
245 10$aCommemoratio de Cruce. Commemorationes Communes.
260   $a[Ratisbonae,$bF. Pustet,$cn.d.]
300   $app. 4., belonging to the Propr. Vallisol.
710 2 $aCatholic Church.$kLiturgy.$tBreviary.$gValladolid.
988   $a20020608
906   $0MH

