LEADER 00505nam a2200169K  4500
001 003000769-0
005 20020606093309.7
008 930427s1894    xx            000 0 lat d
035 0 $aocm84123326
040   $aHLS$cHLS
110 2 $aCatholic Church.
245 10$aSupplementum Breviarii Benedictino Monastici pro Congregatione Bavarica.
260   $a[Mechliniæ,$bH. Dessain,$c1894.]
300   $a4 pt.$c8vo
710 2 $aCatholic Church.$kLiturgy.$tBreviary.$sBenedictine, Bavaria.
988   $a20020608
906   $0MH

