LEADER 00522nam a2200169K  4500
001 003000770-4
005 20020606093309.7
008 930427s1891    be            000 0 lat d
035 0 $aocm79056903
040   $aHLS$cHLS
110 2 $aCatholic Church.
245 10$aProprium Missarum archidiœcesis Utinensis.
260   $a[Tornaci,$btypis Societatis S. Joannis Evangelistæ, Desclée, Lefebvre et Soc.,$c1891.]
300   $app. 32, (2).$cfol.
710 2 $aCatholic Church.$kLiturgy.$tMissal.$gUdine.
988   $a20020608
906   $0MH

