LEADER 00478nam a2200169K  4500
001 003000771-2
005 20020606093309.7
008 930427s1894    be            000 0 lat d
035 0 $aocm80584866
040   $aHLS$cHLS
110 2 $aCatholic Church.
245 10$aSupplementum pro Congregatione Missionis.
260   $a[Tornaci,$bDesclée, Lefebvre et Soc.,$c1894.]
300   $a4 pts.$c12mo
710 2 $aCatholic Church.$kLiturgy.$tBreviary.$sLazarists.
988   $a20020608
906   $0MH

