LEADER 00563nam a2200169K  4500
001 003000773-9
005 20020606093309.7
008 930427s1891    be            000 0 lat d
035 0 $aocm80444960
040   $aHLS$cHLS
110 2 $aCatholic Church.
245 10$aProprium Missarum in usum provinciæ ecclesiasticæ Auxitanæ.
260   $aTornaci Nerviorum,$bTypis Societatis S. Joannis Evangelistæ, Desclée, Lefebvre et Socior. Edit. Pont.,$c1891.
300   $app. (2), 28.$cfol.
710 2 $aCatholic Church.$kLiturgy.$tMissal.$gAuch.
988   $a20020608
906   $0MH

