LEADER 00516nam a2200169K  4500
001 003000774-7
005 20020606093309.7
008 930427s1900    xx            000 0 lat d
035 0 $aocm79276334
040   $aHLS$cHLS
110 2 $aCatholic Church.
245 10$aDie xxvii. Februarii.$b(Assign. ex ix. ejusdem). In festo S. Sabini episc. Canusini et confessoris.
260   $a[Mechliniae,$bH. Dessain,$c1900.]
300   $app. 2.$c12mo
710 2 $aCatholic Church.$kLiturgy$tMissal$gNaples.
988   $a20020608
906   $0MH

