LEADER 00520nam a2200169K  4500
001 003000775-5
005 20020606093309.7
008 930427s1893    xx            000 0 lat d
035 0 $aocm81701768
040   $aHLS$cHLS
110 2 $aCatholic Church.
245 10$aMissæ clero Insulensi propriæ.
260   $a[Tornaci Nerviorum,$bTypis Societatis S. Joannis Evangelistæ, Desclée, Lefebvre et Soc.,$c1893.]
300   $app. 3, (1).$cfol.
710 2 $aCatholic Church.$kLiturgy.$tMissal.$gLille.
988   $a20020608
906   $0MH

