LEADER 00476nam a2200169K  4500
001 003000776-3
005 20020606093309.7
008 930427s1895    gw            000 0 lat d
035 0 $aocm81882580
040   $aHLS$cHLS
110 2 $aCatholic Church.
245 10$aOfficia Sanctorum ad usum S. ecclesiæ Veronensis.
260   $a[Ratisbonæ,$btyp. Fr. Pustet,$c1895.]
300   $a4 pts.$c12mo
710 2 $aCatholic Church.$kLiturgy.$tBreviary.$gVerona.
988   $a20020608
906   $0MH

