LEADER 00510nam a2200169K  4500
001 003000777-1
005 20020606093309.7
008 930427s1894    xx            000 0 lat d
035 0 $aocm83793233
040   $aHLS$cHLS
110 2 $aCatholic Church.
245 10$aTabella festorum titularium ecclesiæ cathedralis et ecclesiarum parochialium diœcesis S. Hyacinthi.
260   $a[n.p.,$bn.pr.]$c[1894].
300   $c8vo
710 2 $aCatholic Church.$kLiturgy.$tDirectory.$gS. Hyacinthe.
988   $a20020608
906   $0MH

