LEADER 00533nam a2200169K  4500
001 003000778-X
005 20020606093309.7
008 930427s1891    be            000 0 lat d
035 0 $aocm81881417
040   $aHLS$cHLS
110 2 $aCatholic Church.
245 10$aProprium Officiorum in usum provinciæ ecclesiasticæ Auxitanæ.
260   $aTornaci Nerviorum,$btypis Soc. S. Joannis Evang., Desclée, Lefebvre et Soc.,$c1891.
300   $a4 pt.$c12mo
710 2 $aCatholic Church.$kLiturgy.$tBreviary.$gAuch.
988   $a20020608
906   $0MH

