LEADER 00502nam a2200169K  4500
001 003000779-8
005 20020606093309.7
008 930427s1893    gw            000 0 lat d
035 0 $aocm78692459
040   $aHLS$cHLS
110 2 $aCatholic Church.
245 10$aMissæ novissimæ ad usum Trium Ordinum S.P.N. Francisci concessæ.
260   $a[Ratisbonæ,$bex officina Fr. Pustet,$c1893.]
300   $app. 2.$cfol.
710 2 $aCatholic Church.$kLiturgy.$tMissal.$sFranciscan.
988   $a20020608
906   $0MH

