LEADER 00502nam a2200169K  4500
001 003000780-1
005 20020606093309.7
008 930427s1900    gw            000 0 lat d
035 0 $aocm81082429
040   $aHLS$cHLS
110 2 $aCatholic Church.
245 10$aDie 27. Februarii.$b(Assign. exq. ejusdem.) S. Sabini episc. Canusini et conf.
260   $a[Ratisbonæ,$bFr. Pustet,$c1900.]
300   $app. 3, (1).$c12mo
710 2 $aCatholic Church.$kLiturgy$tBreviary$gNaples.
988   $a20020608
906   $0MH

