LEADER 00559nam a2200181K  4500
001 003000781-X
005 20020606093309.7
008 930427s1894    fr            000 0 fre d
035 0 $aocm81606103
040   $aHLS$cHLS
110 2 $aCatholic Church.
245 10$aTroisieme dimanche après l'Epiphanie.$bFête de la Sainte Famille Jésus, Marie, Joseph.
260   $a[Parisiis,$bLibrairie Ch. Poussielgue,$c1894.]
300   $app. 8.$c8vo
700 1 $aValfray, Pierre,$eed.
710 2 $aCatholic Church.$kLiturgy.$tC.O., Choir Book.
988   $a20020608
906   $0MH

