LEADER 00465nam a2200169K  4500
001 003000782-8
005 20020606093309.7
008 930427s1891    gw            000 0 lat d
035 0 $aocm81171383
040   $aHLS$cHLS
110 2 $aCatholic Church.
245 10$aProprium Sanctorum pro Siciliæ Regno.
260   $a[Ratisbonæ,$btypis Fr. Pustet,$c1891.]
300   $a4 pts.$c12mo
710 2 $aCatholic Church.$kLiturgy.$tBreviary.$gSicily.
988   $a20020608
906   $0MH

