LEADER 01503aam a2200253 a 4500
001 003000783-6
005 20050319132525.0
008 930513s1993    gw a     b    000 0 ger  
010   $a   93153575 
020   $a3770008278
035 0 $aocm29257528
040   $aDLC$cDLC
050 00$aG369$b.R45 1993
082 00$a910.4$220
245 00$aReisen in reale und mythische Ferne :$bReiseliteratur in Mittelalter und Renaissance /$cPeter Wunderli (Hrsg.).
260   $aDüsseldorf :$bDroste,$cc1993.
300   $a270 p. :$bill. ;$c22 cm.
440  0$aStudia humaniora ;$vBd. 22
504   $aIncludes bibliographical references.
505 0 $aReisen in reale und mythische Ferne / Peter Wunderli -- Der vierte Erdteil in der Kartographie des Hochmittelalters / Anna-Dorothee von den Brincken -- "Ite in mundum universum" : Beobachtungen zur Imago mundi im Dom zu Hereford / Hubertus Schulte Herbrüggen -- Der Sinai : Tor zur anderen Welt / Rudolf Hiestand -- Navigatio Brendani / Josef Semmler -- Marco Polo und der Ferne Osten : zwischen "Wahrheit" und "Dichtung" / Peter Wunderli -- Die Fahrt des Afanasij Nikitin über drei Meere / Hans Hecker -- Sigismund von Herberstein und sein Werk über den Moskauer Staat / Walter Leitsch --Kolumbus : seine Vorbereiter, seine Fahrten, seine Berichte / Ludwig Schrader -- "All ways lead to Rome" : von England nach Rom und zurück im Mittelalter / Wilhelm Busse.
650  0$aTravel, Medieval.
700 1 $aWunderli, Peter.
988   $a20020608
906   $0DLC

