LEADER 00518nam a2200169K  4500
001 003000784-4
005 20020606093309.7
008 930427s1900    it            000 0 lat d
035 0 $aocm83807544
040   $aHLS$cHLS
110 2 $aCatholic Church.
245 10$aDie iii Februarii.$bS. Odilonis abbatis.
260   $a[Romæ, etc.,$bTypis Societatis S. Joannis Evangelistæ, Desclée, Lefebvre et Soc.,$c1900.]
300   $app. (2).$cfol.
710 2 $aCatholic Church.$kLiturgy$tMissal$sFeb. 3.
988   $a20020608
906   $0MH

