LEADER 00564nam a2200169K  4500
001 003000785-2
005 20020606093309.7
008 930427s1895    fr            000 0 lat d
035 0 $aocm79610965
040   $aHLS$cHLS
110 2 $aCatholic Church.
245 10$aOrdo Divini Officii recitandi Missæque celebrandæ juxta ritum sacri Ordinis Fratrum Prædicatorum pro Franciæ Provincia anno bissextili 1896.
260   $aParisiis,$btypis F. Jourdain,$c1895.
300   $c24to
710 2 $aCatholic Church.$kLiturgy.$tDirectory.$sDominican.
988   $a20020608
906   $0MH

