LEADER 00500nam a2200169K  4500
001 003000786-0
005 20020606093309.7
008 930427s1893    it            000 0 lat d
035 0 $aocm82930871
040   $aHLS$cHLS
110 2 $aCatholic Church.
245 10$aMissæ propriæ pro sanctis ecclesiis Savonensi et Naulensi.
260   $a[Taurini,$bTyp. Petri Marietti,$c1893.]
300   $app. 15, (1).$cfol.
710 2 $aCatholic Church.$kLiturgy.$tMissal.$gSavona and Noli.
988   $a20020608
906   $0MH

