LEADER 00461nam a2200169K  4500
001 003000787-9
005 20020606093309.7
008 930427s1908    be            000 0 lat d
035 0 $aocm83068412
040   $aHLS$cHLS
110 2 $aCatholic Church.
245 10$aProprium Sanctorum diœcesis Moguntinæ.
260   $a[Mechliniæ,$bH. Dessain,$c1908.]
300   $a4 pts.$c24to
710 2 $aCatholic Church.$kLiturgy.$tBreviary.$gMaintz.
988   $a20020608
906   $0MH

