LEADER 00527nam a2200157K  4500
001 003000788-7
005 20020606093309.7
008 930427s1895    it            000 0 lat d
035 0 $aocm82562306
040   $aHLS$cHLS
110 2 $aCatholic Church.$bCongregatio Rituum.
245 10$aCatalogus ac status causarum beatificationis servorum Dei et beatorum canonizationis quae apud sacram rituum congregationem per viam non cultus incedunt.
260   $a[Romae,$btypis Vaticanis],$c1895.
300   $cℓ.8vo
988   $a20020608
906   $0MH

