LEADER 00475nam a2200169K  4500
001 003000789-5
005 20050510142825.0
008 930427s1896    gw            000 0 lat d
035 0 $aocm83068417
040   $aHLS$cHLS
110 2 $aCatholic Church.
245 10$aDie 14. Maji. S. Metronis confessoris Veron.
260   $a[Ratisbonæ,$bex officina Fr. Pustet,$c1896.]
300   $app. 2.$cfol.
710 2 $aCatholic Church.$kLiturgy.$tMissal.$gVerona.
988   $a20020608
906   $0MH

