LEADER 00522nam a2200169K  4500
001 003000790-9
005 20020606093309.7
008 930427s1891    pe            000 0 spa d
035 0 $aocm82540225
040   $aHLS$cHLS
110 2 $aCatholic Church, Peru.
245 10$aResumen de la Doctrina cristiana en kichua;$credactado por uno de los rr. pp. redentoristas.
260   $aCuzco,$bimp. y libr. de M.F. Minuro [!],$c1891.
300   $app. 12.
690  9$aAmerican languages$xQuichua$xTexts.$5wid
988   $a20020608
906   $0MH

