LEADER 00492nam a2200169K  4500
001 003000791-7
005 20020606093309.7
008 930427s1895    gw            000 0 lat d
035 0 $aocm84255478
040   $aHLS$cHLS
110 2 $aCatholic Church.
245 10$aDie 28. Aprilis.$bIn festo B. Petri Aloisii Mariæ Chanel martyris.
260   $a[Ratisbonæ,$btypis Fr. Pustet,$c1895.]
300   $app. 2.$cfol.
710 2 $aCatholic Church.$kLiturgy.$tMissal.$sMarist.
988   $a20020608
906   $0MH

