LEADER 00502nam a2200169K  4500
001 003000792-5
005 20020606093309.7
008 930427s1893    gw            000 0 lat d
035 0 $aocm77762483
040   $aHLS$cHLS
110 2 $aCatholic Church.
245 10$aMissæ propriæ Sanctorum in archidiœcesi Guatimalensi celebrandæ.
260   $a[Ratisbonæ,$btypis Fr. Pustet,$c1893.]
300   $app. 43, (1).$cfol.
710 2 $aCatholic Church.$kLiturgy.$tMissal.$gGuatemala.
988   $a20020608
906   $0MH

