LEADER 00476nam a2200169K  4500
001 003000793-3
005 20050510142819.0
008 930427s1896    gw            000 0 lat d
035 0 $aocm80587043
040   $aHLS$cHLS
110 2 $aCatholic Church.
245 10$aDie 14. Maji. S. Metronis confessoris Veronensis.
260   $a[Ratisbonæ,$btypis Fr. Pustet,$c1896.]
300   $app. 4.$c12mo
710 2 $aCatholic Church.$kLiturgy.$tBreviary.$gVerona.
988   $a20020608
906   $0MH

