LEADER 00432nam a2200169K  4500
001 003000794-1
005 20020606093309.7
008 930427s1893    it            000 0 lat d
035 0 $aocm81054430
040   $aHLS$cHLS
110 2 $aCatholic Church.
245 10$aMissae votivae per annum.
260   $a[Romae,$bn.pr.,$c1893.]
300   $app. [83]-200.$cfol.
710 2 $aCatholic Church.$kLiturgy.$tMissal.
988   $a20020608
906   $0MH

