LEADER 00487nam a2200169K  4500
001 003000795-X
005 20050510154626.0
008 930427s1896    xx            000 0 lat d
035 0 $aocm83069352
040   $aHLS$cHLS
110 2 $aCatholic Church.
245 10$aDie xxxi. Martii. B. Joannæ Tolosanæ virg. Ord. Carmelitarum.
260   $a[Mechliniæ,$bH. Dessain,$c1896.]
300   $app. 2.$c12mo
710 2 $aCatholic Church.$kLiturgy.$tBreviary.$sCarmelite.
988   $a20020608
906   $0MH

