LEADER 00524nam a2200169K  4500
001 003000796-8
005 20020606093309.7
008 930427s1895    xx            000 0 lat d
035 0 $aocm78249565
040   $aHLS$cHLS
110 2 $aCatholic Church.
245 10$aDie vi. Aprilis.$bIn festo B. Thomæ a Tolentino martyris. [Missa et Officium Ord. Min.
260   $aMechliniæ,$bH. Dessain,$c1895.]
300   $a2 pts.$c12mo
710 2 $aCatholic Church.$kLiturgy.$bC.O., Officia Propria.$bFranciscan.
988   $a20020608
906   $0MH

