LEADER 00574nam a2200169K  4500
001 003000797-6
005 20020606093309.7
008 930427s1892    be            000 0 lat d
035 0 $aocm80077557
040   $aHLS$cHLS
110 2 $aCatholic Church.
245 10$aDie iv.Maii. B. Ricardi Reynolds martyris. Pro monialibus totius Ordinis S. Birgittæ.
260   $a[Tornaci (Belg.),$bTypis Societatis S. Joannis Evangelistæ, Desclée, Lefebvre et Soc.,$c1892.]
300   $app. (2).$cfol.
710 2 $aCatholic Church.$kLiturgy.$tMissal.$sBrigittine.
988   $a20020608
906   $0MH

