LEADER 00494nam a2200169K  4500
001 003000798-4
005 20050510154621.0
008 930427s1896    xx            000 0 lat d
035 0 $aocm83281834
040   $aHLS$cHLS
110 2 $aCatholic Church.
245 10$aDie xxxi. Martii. In festo B. Joannæ Tolosanæ virg. Ord. Carmelitarum.
260   $a[Mechliniæ,$bH. Dessain,$c1896.]
300   $app. 2.$c12mo
710 2 $aCatholic Church.$kLiturgy.$tMissal.$sCarmelite.
988   $a20020608
906   $0MH

