LEADER 00518nam a2200169K  4500
001 003000799-2
005 20020606093309.7
008 930427s1895    gw            000 0 lat d
035 0 $aocm80077563
040   $aHLS$cHLS
110 2 $aCatholic Church.
245 10$aDie 12. Decembris.$bBeatae Mariae Virginis de Guadalupe, patronae primariae nationis Mexicanae.
260   $a[Ratisbonæ,$bFr. Pustet,$c1895.]
300   $app. 48.$c8vo
710 2 $aCatholic Church.$kLiturgy.$tAntiphoner.$gMexico.
988   $a20020608
906   $0MH

