LEADER 00494nam a2200169K  4500
001 003000800-X
005 20020606093309.7
008 930427s1892    xx            000 0 lat d
035 0 $aocm77802446
040   $aHLS$cHLS
110 2 $aCatholic Church.
245 10$aDie viii.Maji.$cFesto in honorem SS. Trinitatis ob Conversionem Gothorum.
260   $a[Mechliniæ,$bH. Dessain,$c1892.]
300   $app. 5+.$c12mo
710 2 $aCatholic Church.$kLiturgy.$tBreviary.$gSpain.
988   $a20020608
906   $0MH

