LEADER 00898nam a2200265La 4500
001 003000801-8
005 20111114190508.0
008 980520s1992    cy       b    000 0 gre d
020   $a9963783902
020   $a9789963783908
035 0 $aocm79687940
040   $aTxU-L$cTXQ
043   $aa-cy---
050  4$aKJN68.3$b.K69 1992
100 1 $aKoytas, Ninos A.
245 10$aAkinete idioktesia sten kypro /$cNinos A. Koytas ; prólogos, Ioannes Pogiatzes ; epimélia chai echdoop Iiorgy A. Sergíde.
246 15$aImmovable property in Cyprus
260   $aLeykosia, Kypros :$bI. Sergíde,$c1992.
300   $axix, 243 p. ;$c25 cm.
490 1 $aMeletes kypriakoy dikaioy =$aStudies in Cyprus law ;$vt. 2
504   $aIncludes bibliographical references.
650  0$aReal property$zCyprus.
800 1 $aSerghides, George A.$tStudies in Cyprus law ;$vv. 2.
988   $a20020608
906   $0OCLC

