LEADER 00847nam a2200217K  4500
001 003000803-4
005 20020606093309.7
008 930427s1893    enk           000 0 eng d
035 0 $aocm81556241
040   $aHLS$cHLS
110 2 $aCatholic Church, England.
245 14$aThe offices of St. Wilfrid according to the use of the church of Ripon from a psalter belonging to the dean and chapter of Ripon cathedral with an English translation by John Whitham assisted by Thomas Thistle.
260   $aRipon,$bprinted by W. Harrison,$c1893.
300   $app. (12), 35+.$bFacsimile plate.$c4to
600 00$aWilfrid,$cSaint, Archbishop of York,$d634-709.
610 10$aRipon, Eng.$bChurch of SS. Peter and Wilfrid.
700 1 $aWhitham, John.
700 1 $aThistle, Thomas.
710 2 $aCatholic Church.$kLiturgy.$gRipon.
988   $a20020608
906   $0MH

