LEADER 00474nam a2200169K  4500
001 003000804-2
005 20020606093309.7
008 930427s1892    gw            000 0 lat d
035 0 $aocm80871249
040   $aHLS$cHLS
110 2 $aCatholic Church.
245 10$aDie 25.Novembris.$cIn festo S. Tharsicii acolythi mart.
260   $a[Ratisbonæ,$bFr. Pustet,$c1892.]
300   $app. 4.$c12mo
710 2 $aCatholic Church.$kLiturgy.$tBreviary.$gRome.
988   $a20020608
906   $0MH

