LEADER 00485nam a2200169K  4500
001 003000805-0
005 20020606093309.7
008 930427s1895    gw            000 0 lat d
035 0 $aocm78635415
040   $aHLS$cHLS
110 2 $aCatholic Church.
245 10$aDie 14. Februarii.$bIn festo Sancti Valentini presbyteri et martyris.
260   $a[Ratisbonæ,$bn.pr.,$c1895.]
300   $app. 4.$c12mo
710 2 $aCatholic Church.$kLiturgy.$tBreviary.$gLavant.
988   $a20020608
906   $0MH

