LEADER 00538nam a2200169K  4500
001 003000806-9
005 20020606093309.7
008 930427s1895    be            000 0 lat d
035 0 $aocm79273700
040   $aHLS$cHLS
110 2 $aCatholic Church.
245 10$aDie xxii. Novembris.$bS. Alberti episc. et martyris, diœcesis S. Alberti patroni.
260   $a[Tornaci (Belg.),$btypis Societatis S. Joannis Evangelistæ,$c1895.]
300   $app. 2.$c12mo
710 2 $aCatholic Church.$kLiturgy.$tBreviary.$gAlbert.
988   $a20020608
906   $0MH

