LEADER 00498nam a2200169K  4500
001 003000807-7
005 20020606093309.7
008 930427s1892    xx            000 0 lat d
035 0 $aocm81210384
040   $aHLS$cHLS
110 2 $aCatholic Church.
245 10$aDie vii.Septembris.$cIn festo S. Hadriani III. Papæ et conf. (Pro clero Romano).
260   $a[Mechliniæ,$bH. Dessain,$c1892.]
300   $app. 2.$c12mo
710 2 $aCatholic Church.$kLiturgy.$tMissal.$gRome.
988   $a20020608
906   $0MH

