LEADER 00524nam a2200169K  4500
001 003000808-5
005 20020606093309.7
008 930427s1892    xx            000 0 lat d
035 0 $aocm78810483
040   $aHLS$cHLS
110 2 $aCatholic Church.
245 10$aDom. infra Oct. Nativit. B.M.V.$cIn festo SS. Nominis ejusdem B.M.V. Duplex primæ classis cum Octava.
260   $a[Mechliniæ,$bH. Dessain,$c1892.]
300   $app. 26.$c16mo
710 2 $aCatholic Church.$kLiturgy.$tBreviary.$sMarist.
988   $a20020608
906   $0MH

