LEADER 00480nam a2200181K  4500
001 003000809-3
005 20020606093309.7
008 930427s1895    fr            000 0 und d
035 0 $aocm79907559
040   $aHLS$cHLS
110 2 $aCatholic Church.
245 10$aKentoc'h Mervel;$bkantik ar gonfirmasion.
260   $a[St. Brieuc,$bImp. Saint-Guillaume,$c1895].
300   $app. (4).$c24to
610 20$aCatholic Church.
690  9$aHymns$xBreton.$5wid
988   $a20020608
906   $0MH

