LEADER 00526nam a2200169K  4500
001 003000810-7
005 20020606093309.7
008 930427s1892    xx            000 0 lat d
035 0 $aocm84573279
040   $aHLS$cHLS
110 2 $aCatholic Church.
245 10$aDominica II.post Pascha.$cIn festo BB. Mart. Collegii Duacensis. Duplex majus. (In Collegio S. Cuthberti.)
260   $a[Mechliniæ,$bH. Dessain,$c1892.]
300   $app. 2.$c16mo
710 2 $aCatholic Church.$kLiturgy.$tBreviary.$gDouay.
988   $a20020608
906   $0MH

