LEADER 00484nam a2200169K  4500
001 003000811-5
005 20020606093309.7
008 930427s1892    xx            000 0 lat d
035 0 $aocm84305615
040   $aHLS$cHLS
110 2 $aCatholic Church.
245 10$aFeria iii.post Dom. in Albis.$cIn festo S. Isidori, episc. conf.
260   $a[Mechliniæ,$bH. Dessain,$c1892.]
300   $app. 2.$c12mo
710 2 $aCatholic Church.$kLiturgy.$tMissal.$gSeville.
988   $a20020608
906   $0MH

