LEADER 00485nam a2200169K  4500
001 003000813-1
005 20050510154315.0
008 930427s1896    gw            000 0 lat d
035 0 $aocm84030772
040   $aHLS$cHLS
110 2 $aCatholic Church.
245 10$aDie 17. Martii. S. Patritii episcopi et confessoris.
260   $a[Ratisbonæ,$bFr. Pustet,$c1896.]
300   $app. 4.$c12mo
710 2 $aCatholic Church.$kLiturgy.$tBreviary.$bAugustinian Friars.
988   $a20020608
906   $0MH

