LEADER 00474nam a2200169K  4500
001 003000814-X
005 20020606093309.7
008 930427s1896    xx            000 0 lat d
035 0 $aocm82203913
040   $aHLS$cHLS
110 2 $aCatholic Church.
245 10$aSupplementum ad Graduale.
260   $a[Marianopoli,$bC.O. Beauchemin & Filius,$c1896.]
300   $app. [505]-551, (1).$c8vo
710 2 $aCatholic Church.$kLiturgy.$tGradual.$gMontreal.
988   $a20020608
906   $0MH

