LEADER 00537nam a2200169K  4500
001 003000815-8
005 20050510142813.0
008 930427s1896    gw            000 0 lat d
035 0 $aocm81660244
040   $aHLS$cHLS
110 2 $aCatholic Church.
245 10$aDie 14. Novembris. In diœc. Hagulst. et Novoc. Beati Thomæ Percy martyris, comitis Northumbriæ.
260   $a[Ratisbonæ,$btypis Fr. Pustet,$c1896.]
300   $app. 2.$cfol.
710 2 $aCatholic Church.$kLiturgy.$tMissal.$gHexham and Newcastle.
988   $a20020608
906   $0MH

