LEADER 00542nam a2200169K  4500
001 003000816-6
005 20020606093309.7
008 930427s1893    fr            000 0 fre d
035 0 $aocm81991080
040   $aHLS$cHLS
110 2 $aCatholic Church.
245 10$aOffices propres au diocèse de Laval.$bSupplément au Paroissien Romain complet noté. Plainchant.
260   $aParis,$bLibrairie Ch. Poussielgue,$c1893.
300   $app. (4), 104.$c16mo
710 2 $aCatholic Church.$kLiturgy.$tC.O., Choir Books.$gLaval.
988   $a20020608
906   $0MH

