LEADER 00492nam a2200169K  4500
001 003000817-4
005 20020606093309.7
008 930427s1896    xx            000 0 lat d
035 0 $aocm79173055
040   $aHLS$cHLS
110 2 $aCatholic Church.
245 10$aSupplementum ad Ordinarium Missae.$bIn Missis votivis B. Mariae V.
260   $a[Solesmis,$bTyp. S. Petri,$c1896.]
300   $app. 3+.$c8vo
710 2 $aCatholic Church.$kLiturgy.$tGradual.$sBenedictine.
988   $a20020608
906   $0MH

