LEADER 00490nam a2200169K  4500
001 003000818-2
005 20020606093309.7
008 930427s1893    xx            000 0 und d
035 0 $aocm39205870
040   $aHLS$cHLS
110 2 $aCatholic Church.
245 10$aOfficia clero Insulensi concessa.
260   $a[Tornaci,$bSoc. S. Joannis Evang., Desclée, Lefebvre et Soc.,$c1893.]
300   $app. 8.$c24to
710 2 $aCatholic Church.$kLiturgy.$tBreviary.$gLille.
988   $a20020608
906   $0MH

