LEADER 00535nam a2200169K  4500
001 003000819-0
005 20050510142806.0
008 930427s1896    gw            000 0 lat d
035 0 $aocm83881790
040   $aHLS$cHLS
110 2 $aCatholic Church.
245 10$aDie 14. Novembris. In diœces. Hagulst. et Novoc. Beati Thomæ Percy martyris, comitis Northumbriæ.
260   $a[Ratisbonæ,$bFr. Pustet,$c1896.]
300   $app. 4.$c12mo
710 2 $aCatholic Church.$kLiturgy.$tBreviary.$gHexham and Newcastle.
988   $a20020608
906   $0MH

