LEADER 00572nam a2200169K  4500
001 003000820-4
005 20020606093309.7
008 930427s1896    gw            000 0 lat d
035 0 $aocm83413933
040   $aHLS$cHLS
110 2 $aCatholic Church.
245 10$aSupplementum Antiphonarii vel Vesperalis Romani ad usum provinciarum Quebecen., Marianopolitan. et Ottavien. in regione Canadensi.
260   $a[Ratisbonae,$bFr. Pustet,$c1896.]
300   $app. 28.$c8vo
710 2 $aCatholic Church.$kLiturgy.$tAntiphoner.$gQuebec, Montreal & Ottawa.
988   $a20020608
906   $0MH

