LEADER 00632nam a2200193K  4500
001 003000821-2
005 20020606093309.7
008 930427s1909    ph            000 0 spa d
035 0 $aocn236063458
040   $aHLS$cHLS
110 2 $aCatholic Church.$bPope (1903-1914 : Pius X)
245 10$aCarta de S.S. Pio x á la Universidad de Sto. Tomás de Manila.
260   $aManila,$bTip. del Colegio de Santo Tomás,$c1909.
300   $a39 p. incl. port.$c23 cm.
500   $aAt head of title: Documento trascendental.
650  0$aPapacy$tDocuments, 1903-14.
710 2 $aManila university of Santo Tomás.
988   $a20020608
906   $0MH

