LEADER 00548nam a2200169K  4500
001 003000822-0
005 20020606093309.7
008 930427s1893    it            000 0 lat d
035 0 $aocm78834907
040   $aHLS$cHLS
110 2 $aCatholic Church.
245 10$aOfficia festi et inventionis Sancti Cataldi episcopi et confessoris Tarentinae civitatis eccl. patroni.
260   $a[Taurini,$btyp. Pontificia Petri Marietti,$c1893.]
300   $app. 11, (1).$c12mo
710 2 $aCatholic Church.$kLiturgy.$tBreviary.$gTaranto.
988   $a20020608
906   $0MH

