LEADER 00523nam a2200169K  4500
001 003000823-9
005 20050510143003.0
008 930427s1896    gw            000 0 lat d
035 0 $aocm80947113
040   $aHLS$cHLS
110 2 $aCatholic Church.
245 10$aDie 31. Octobris. In festo Beati Jacobi a Querqueto confessoris Ord. Eremit. S. Augustini.
260   $a[Ratisbonae,$bFr. Pustet,$c1896.]
300   $app. 2.$c12mo
710 2 $aCatholic Church.$kLiturgy.$tBreviary.$bAugustinian Friars.
988   $a20020608
906   $0MH

