LEADER 00652nam a2200169K  4500
001 003000824-7
005 20020606093309.7
008 930427s1897    be            000 0 fre d
035 0 $aocm83142562
040   $aHLS$cHLS
110 2 $aCatholic Church.
245 10$aCérémonial des Ordinations;$bextrait du Pontificial romain.$cTraduction nouvelle, texte latin et texte français en regard à l'usage des Ordinands et des Fidèles.
260   $aTournay,$bSociété S. Jean l'Evangéliste, Desclée, Lefebvre et Cie,$c[Impr. 1897].
300   $app. (4), 91, (1).$bFront.$c16mo
710 2 $aCatholic Church.$kLiturgy.$tPontificals.
988   $a20020608
906   $0MH

