LEADER 00539nam a2200169K  4500
001 003000825-5
005 20020606093309.7
008 930427s1897    gw            000 0 lat d
035 0 $aocm84174415
040   $aHLS$cHLS
110 2 $aCatholic Church.
245 10$aDie 23. Januarii.$bIn festo S. Ildefonsi archiepiscopi Toletani, conf., et Patroni civitat. Zamoren.
260   $a[Ratisbonæ,$bex Off. Fr. Pustet,$c1897.]
300   $app. 14, (2).$c12mo
710 2 $aCatholic Church.$kLiturgy.$tBreviary.$gValladolid.
988   $a20020608
906   $0MH

