LEADER 00724nam a2200181K  4500
001 003000826-3
005 20020606093309.7
008 930427s1893    xx            000 0 lat d
035 0 $aocm78760305
040   $aHLS$cHLS
110 2 $aCatholic Church.
245 10$aOfficia propria Sanctorum a Canonicis Reg. S. Augustini Congregationis SS. Salvat. Lateranensibus necnon a monialibus ejusdem Ordinis recitanda.$b[With Supplementum.]
260   $aTornaci Nerviorum,$btypis Soc. S. Joannis Evangel., Desclée, Lefebvre & Soc.,$c1893.
300   $a2 pts.$c12mo
710 2 $aCatholic Church.$kLiturgy.$tBreviary.$pAugustinian Canons.
710 2 $aCatholic Church.$kLiturgy.$tBreviary.$bAugustinian Nuns.
988   $a20020608
906   $0MH

