LEADER 00498nam a2200169K  4500
001 003000827-1
005 20020606093309.7
008 930427s1909    be            000 0 lat d
035 0 $aocm83069355
040   $aHLS$cHLS
110 2 $aCatholic Church.
245 10$aDie 5.Decembris.$cIn festo B.Bartholomæi Fanti conf.Ordinis Carmelitarum.
260   $a[Mechliniæ,$bH. Dessain,$c1909.]
300   $app. 2.$c24to
710 2 $aCatholic Church.$kLiturgy.$tBreviary.$sCarmelite.
988   $a20020608
906   $0MH

