LEADER 00528nam a2200169K  4500
001 003000828-X
005 20020606093309.7
008 930427s1897    gw            000 0 lat d
035 0 $aocm78548036
040   $aHLS$cHLS
110 2 $aCatholic Church.
245 10$aDie 23. Januarii.$bS. Ildefonsi archiepiscopi Toletani, confessoris et patroni civitatis Zamoren.
260   $a[Ratisbonæ,$bex officina Fr. Pustet,$c1897.]
300   $app. 2.$cfol.
710 2 $aCatholic Church.$kLiturgy.$tMissal.$gZamora.
988   $a20020608
906   $0MH

