LEADER 00502nam a2200169K  4500
001 003000829-8
005 20020606093309.7
008 930427s1897    xx            000 0 lat d
035 0 $aocm79074417
040   $aHLS$cHLS
110 2 $aCatholic Church.
245 10$aDie 7. Julii.$bS. Petri Forerii confessoris. [Officium cum Missa.]
260   $a[Solesmis,$bE typ. S. Petri,$c1897.]
300   $a2 pts.$c8vo
710 2 $aCatholic Church.$kLiturgy.$tC.O., Choir Book.$sBenedictine.
988   $a20020608
906   $0MH

