LEADER 00554nam a2200169K  4500
001 003000830-1
005 20020606093309.7
008 930427s1896    gw            000 0 lat d
035 0 $aocm78316515
040   $aHLS$cHLS
110 2 $aCatholic Church.
245 10$aDominica ii. Octobris seu illa, quæ solemnitatem SS. Rosarii sequitur. B. Mariæ Virginis sub titulo Magnæ Hungarorum Dominae.
260   $a[Ratisbonæ,$btypis Fr. Pustet,$c1896.]
300   $app. 2.$cfol.
710 2 $aCatholic Church.$kLiturgy.$tMissal.$gHungary.
988   $a20020608
906   $0MH

