LEADER 00513nam a2200169K  4500
001 003000831-X
005 20020606093309.7
008 930427s1897    be            000 0 lat d
035 0 $aocm84572730
040   $aHLS$cHLS
110 2 $aCatholic Church.
245 10$aDie xix. Maii.$bB. Theophili a Curte, confessoris Ordinis Minorum.
260   $a[Tornaci (Belg.),$btypis Desclée, Lefebvre et Soc.,$c1897.]
300   $app. 2.$cfol.
710 2 $aCatholic Church.$kLiturgy.$tMissal.$gAjaccio.
988   $a20020608
906   $0MH

