LEADER 00473nam a2200169K  4500
001 003000832-8
005 20020606093309.7
008 930427s1897    be            000 0 lat d
035 0 $aocm79958231
040   $aHLS$cHLS
110 2 $aCatholic Church.
245 10$aDie xv. Maii.$bB. Theophili a Curte.
260   $a[Tornaci,$bTypis Soc. S. Joannis Evang.,$c1897.]
300   $app. 2.$c12mo
710 2 $aCatholic Church.$kLiturgy.$tBreviary.$gAjaccio.
988   $a20020608
906   $0MH

