LEADER 00548nam a2200169K  4500
001 003000833-6
005 20020606093309.7
008 930427s1892    be            000 0 lat d
035 0 $aocm82687410
040   $aHLS$cHLS
110 2 $aCatholic Church.
245 10$aKalendarium et Missæ propriae diœcesis Valleguidonensis.
260   $aTornaci Nerviorum,$bTypis Societatis S. Joannis Evangelistæ, Desclée, Lefebvre et Soc.,$c1892.
300   $app. v, (1), 48.$cfol.
710 2 $aCatholic Church.$kLiturgy.$tMissal.$gLaval.
988   $a20020608
906   $0MH

