LEADER 00514nam a2200169K  4500
001 003000834-4
005 20020606093309.7
008 930427s1891    be            000 0 lat d
035 0 $aocm78692461
040   $aHLS$cHLS
110 2 $aCatholic Church.
245 10$aMissæ propriæ patronorum et festorum regni Poloniæ ad usum Sacri Ordinis Prædicatorum.
260   $a[Mechliniae,$bH. Dessain,$c1891.]
300   $app. 26, (2).$c8vo
710 2 $aCatholic Church.$kLiturgy.$tMissal.$gPoland.
988   $a20020608
906   $0MH

