LEADER 00473nam a2200169K  4500
001 003000835-2
005 20020606093309.7
008 930427s1909    be            000 0 lat d
035 0 $aocm78691367
040   $aHLS$cHLS
110 2 $aCatholic Church.
245 10$aDie 2.Decembris.$cIn festo B.Joannis Rusbrochii conf.
260   $a[Mechliniæ,$bH. Dessain,$c1909.]
300   $app. 2.$c12mo
710 2 $aCatholic Church.$kLiturgy.$tMissal.$gMalines.
988   $a20020608
906   $0MH

