LEADER 00434nam a2200169K  4500
001 003000836-0
005 20020606093309.7
008 930427s1892    gw            000 0 lat d
035 0 $aocm83545632
040   $aHLS$cHLS
110 2 $aCatholic Church.
245 10$aMissa pro Sponso et Sponsa.
260   $a[Ratisbonæ,$bn.pr.,$c1892.]
300   $app. (4).$c8vo
710 2 $aCatholic Church.$kLiturgy.$tGradual.
988   $a20020608
906   $0MH

