LEADER 00545nam a2200169K  4500
001 003000837-9
005 20020606093309.7
008 930427s1897    be            000 0 lat d
035 0 $aocm80707202
040   $aHLS$cHLS
110 2 $aCatholic Church.
245 10$aDie i. Martii. (Sedes fixa e 12 Februarii.)$bB. Reginaldi a Sancto Ægidio confessoris.
260   $a[Tornaci,$bSoc. S. Joannis Evang., Desclée, Lefebvre et Soc.,$c1897.]
300   $app. 4.$c12mo
710 2 $aCatholic Church.$kLiturgy.$tBreviary.$gMar. 1.
988   $a20020608
906   $0MH

