LEADER 00541nam a2200169K  4500
001 003000839-5
005 20020606093309.7
008 930427s1891    gw            000 0 lat d
035 0 $aocm82562309
040   $aHLS$cHLS
110 2 $aCatholic Church.
245 10$aNovus codex pro diœcesi Sancti Sebastiani Fluminis Januarii,$bcomplectens Kalendarium perpetuum et Officia.
260   $aRatisbonæ, etc.,$bFr. Pustet,$c1891.
300   $a4 pts.$c12mo
710 2 $aCatholic Church.$kLiturgy.$tBreviary.$gRio de Janeiro.
988   $a20020608
906   $0MH

