LEADER 00546nam a2200169K  4500
001 003000840-9
005 20020606093309.7
008 930427s1896    gw            000 0 lat d
035 0 $aocm83807548
040   $aHLS$cHLS
110 2 $aCatholic Church.
245 10$aDominica ii. Octobris solemnitatem Ss. Rosarii insequenti. In festo B. Mariæ Virginis sub titulo Magnæ Hungarorum Dominæ.
260   $a[Ratisbonæ,$bFr. Pustet,$c1896.]
300   $app. 8.$c12mo
710 2 $aCatholic Church.$kLiturgy.$tBreviary.$gHungary.
988   $a20020608
906   $0MH

