LEADER 00477nam a2200169K  4500
001 003000841-7
005 20020606093309.7
008 930427s1892    gw            000 0 lat d
035 0 $aocm77802447
040   $aHLS$cHLS
110 2 $aCatholic Church.
245 10$aMissæ propriæ Sanctorum archidiœcesis Antequerensis.
260   $a[Ratisbonæ,$bFr. Pustet,$c1892.]
300   $app. 8.$cfol.
710 2 $aCatholic Church.$kLiturgy.$tMissal.$gAntequera.
988   $a20020608
906   $0MH

