LEADER 01032cam a2200289   4500
001 003000842-5
005 20020606093309.7
008 721107s1968    flu           000 0 eng  
010   $a   72611540 //r86
035 0 $aocm00515723
040   $aDLC$cDLC$dm.c.$dFLL
043   $an-us-fl
050 0 $aHC107.F6$bA55
082   $a353.9/759
110 2 $aFlorida State University.$bDepartment of Urban and Regional Planning.
245 10$aSummary: inventory of state agency planning resources.$cPrepared for the State Planning and Budget Commission.
246 3 $aInventory of State agency planning resources.
246 3 $aFlorida State agency planning resources: inventory, 1967.
260   $a[Tallahassee]$c1968.
300   $aii, 276 l.$c28 cm.
500   $aOn cover: Florida State agency planning resources: inventory, 1967.
650  0$aPlanning.
651  0$aFlorida$xEconomic policy.
651  0$aFlorida$xSocial policy.
710 1 $aFlorida.$bState Planning and Budget Commission.
988   $a20020608
906   $0DLC

