LEADER 00507nam a2200169K  4500
001 003000843-3
005 20020606093309.7
008 930427s1897    xx            000 0 lat d
035 0 $aocm80447176
040   $aHLS$cHLS
110 2 $aCatholic Church.
245 10$aDie v. Novembris.$bS. Trophimenæ virg. et mart. civitatis Minoris principalis patronæ.
260   $a[Mechliniæ,$bH. Dessain,$c1897.]
300   $app. 2.$cfol.
710 2 $aCatholic Church.$kLiturgy.$tMissal.$gNaples.
988   $a20020608
906   $0MH

