LEADER 00483nam a2200169K  4500
001 003000844-1
005 20020606093309.7
008 930427s1909    be            000 0 lat d
035 0 $aocm77658171
040   $aHLS$cHLS
110 2 $aCatholic Church.
245 10$aDie 15.Januarii.$cIn festo B.Francisci de Capillas martyris.
260   $a[Mechliniæ,$bH. Dessain,$c1909.]
300   $app. 2.$c4to
710 2 $aCatholic Church.$kLiturgy.$tBreviary.$sDominican.
988   $a20020608
906   $0MH

