LEADER 00499nam a2200169K  4500
001 003000845-X
005 20020606093309.7
008 930427s1897    gw            000 0 lat d
035 0 $aocm82998377
040   $aHLS$cHLS
110 2 $aCatholic Church.
245 10$aDie 4. Septembris.$bSexta die infra Octavam S. Rosæ a S. Maria virginis.
260   $a[Ratisbonæ,$bFr. Pustet,$c1897.]
300   $app. 3, (1).$c12mo
710 2 $aCatholic Church.$kLiturgy.$tBreviary.$gMexico.
988   $a20020608
906   $0MH

