LEADER 00601nam a2200181K  4500
001 003000846-8
005 20020606093309.7
008 930427s1896    xx            000 0 und d
035 0 $aocm80354326
040   $aHLS$cHLS
110 2 $aCatholic Church.
245 10$aLevrig-Dourn evit Zelatourien Kaloun Jezuz ha kement hini zo e Abostolaj ar Beden.
260   $aKemper,$bMoullet e ti de Kerangal,$c1896.
300   $app. 83, (2).$bFront and other illustr.$c24to
630 00$aSacred Heart.
710 2 $aCatholic Church.$kLiturgy.$tOccasional & Supplementary Prayers.$gBrittany.
988   $a20020608
906   $0MH

