LEADER 00510nam a2200169K  4500
001 003000847-6
005 20020606093309.7
008 930427s1892    be            000 0 lat d
035 0 $aocm79058031
040   $aHLS$cHLS
110 2 $aCatholic Church.
245 10$aMissae propriae Sanctorum archidioecesis Friburgensis.
260   $a[Tornaci (Belg.),$bTypis Societatis S. Joannis Evangelistae,$c1892.]
300   $app. 24.$c16mo
710 2 $aCatholic Church.$kLiturgy.$tMissal.$gFriburg.
988   $a20020608
906   $0MH

