LEADER 00554nam a2200169K  4500
001 003000848-4
005 20020606093309.7
008 930427s1897    be            000 0 lat d
035 0 $aocm82235044
040   $aHLS$cHLS
110 2 $aCatholic Church.
245 10$aDomin. infra Octav. Ascensionis.$bB. Mariæ Virginis Reginæ Apostolorum.
260   $a[Tornaci (Belg.),$bTypis Societatis S. Joannis Evangelistæ, Desclée, Lefebvre et Soc.,$c1897.]
300   $app. 2.$cfol.
710 2 $aCatholic Church.$kLiturgy.$tMissal.$gU.S.A.
988   $a20020608
906   $0MH

