LEADER 00480nam a2200169K  4500
001 003000849-2
005 20020606093309.7
008 930427s1891    fr            000 0 fre d
035 0 $aocm81406627
040   $aHLS$cHLS
110 2 $aCatholic Church.
245 10$aOffices concédés à l'Église Universelle le 19 aout 1890.
260   $a[Paris,$bLibrairie Ch. Poussielgue,$c1891.]
300   $app. 6.$c8vo
710 2 $aCatholic Church.$kLiturgy.$tGradual.
988   $a20020608
906   $0MH

