LEADER 00482nam a2200169K  4500
001 003000850-6
005 20020606093309.7
008 930427s1892    gw            000 0 lat d
035 0 $aocm83350672
040   $aHLS$cHLS
110 2 $aCatholic Church.
245 10$aMissæ propriæ Sanctorum pro diœcesi Portugalliensi.
260   $a[Ratisbonæ,$btypis Fr. Pustet,$c1892.]
300   $app. 44.$cfol.
710 2 $aCatholic Church.$kLiturgy.$tMissal.$gPortugal.
988   $a20020608
906   $0MH

