LEADER 00657nam a2200169K  4500
001 003000851-4
005 20020606093309.7
008 930427s1896    nyu           000 0 eng d
035 0 $aocn236063474
040   $aHLS$cHLS
110 2 $aCatholic Church.
245 12$aA manual of prayers for the use of the Catholic laity.$bThe official prayer book of the Catholic Church.$cPrepared and published by order of the Third Plenary Council of Baltimore.
260   $aNew York,$bChristian Press Assoc. Publ. Co., etc., etc.,$c1896.
300   $app. iv, 792.$c24to
710 2 $aCatholic Church.$kLiturgy.$bC.O., Paroissiens &c.$gUnited States.
988   $a20020608
906   $0MH

