LEADER 00455nam a2200169K  4500
001 003000852-2
005 20020606093309.7
008 930427s1892    xx            000 0 lat d
035 0 $aocm81473641
040   $aHLS$cHLS
110 2 $aCatholic Church.
245 10$aMissae Sanctorum pro California.
260   $a[Mechliniae,$bH. Dessain,$c1892.]
300   $app. 10.$c8vo
710 2 $aCatholic Church.$kLiturgy.$tMissal.$gCalifornia.
988   $a20020608
906   $0MH

