LEADER 00586nam a2200181K  4500
001 003000853-0
005 20020606093309.7
008 930427s1897    fr            000 0 lat d
035 0 $aocm78721005
040   $aHLS$cHLS
110 2 $aCatholic Church.
245 10$aDominica III post Epiphaniam.$bIn festo Sanctae Familiae Jesu, Mariae, Joseph. [Missae et Officium.
260   $aParis,$bLib. Ch. Poussielgue, Impr., F. Levé,$c1897.]
300   $a2 pt.$c12mo
710 2 $aCatholic Church.$kLiturgy.$tGradual.
710 2 $aCatholic Church.$kLiturgy.$tAntiphoner.
988   $a20020608
906   $0MH

