LEADER 00502nam a2200169K  4500
001 003000854-9
005 20020606093309.7
008 930427s1909    be            000 0 lat d
035 0 $aocm83814011
040   $aHLS$cHLS
110 2 $aCatholic Church.
245 10$aDie 22.Junii.$cIn festo S.Paulini episcopi conf. [Missa et Officium.
260   $aMechliniae,$bH. Dessain,$c1909.]
300   $a2 pts.$c12mo
710 2 $aCatholic Church.$kLiturgy.$bC.O., Officia Propria.$fJune 22.
988   $a20020608
906   $0MH

