LEADER 00485nam a2200169K  4500
001 003000855-7
005 20020606093309.7
008 930427s1891    fr            000 0 fre d
035 0 $aocm83807554
040   $aHLS$cHLS
110 2 $aCatholic Church.
245 10$aOffices propres a la province ecclesiastique d'Auch.
260   $aMarseille,$bJ. Mingardon, [Imprimatur:$c1891].
300   $app. 32.$c12mo
710 2 $aCatholic Church.$kLiturgy.$tBreviary.$gAuch.
988   $a20020608
906   $0MH

