LEADER 00536nam a2200169K  4500
001 003000856-5
005 20020606093309.7
008 930427s1897    be            000 0 lat d
035 0 $aocm81317954
040   $aHLS$cHLS
110 2 $aCatholic Church.
245 10$aMissae propriae ad usum Seminarii Sancti Sulpitii.
260   $a[Tornaci,$bTypis Societatis S. Joannis Evangelistae, Desclée, Lefebvre et Soc.,$c1897.]
300   $app. 26.$cfol.
710 2 $aCatholic Church.$kLiturgy.$tMissal.$gParis, S. Sulpice.
988   $a20020608
906   $0MH

