LEADER 00525nam a2200169K  4500
001 003000857-3
005 20020606093309.7
008 930427s1891    be            000 0 lat d
035 0 $aocm79743797
040   $aHLS$cHLS
110 2 $aCatholic Church.
245 10$aDie v.Julii.$cIn festo S. Ostiani confessoris.
260   $a[Tornaci (Belg.),$bTypis Societatis S. Joannis Evang., Desclée, Lefebvre et Soc.,$c1891.]
300   $app. (2).$cfol.
710 2 $aCatholic Church.$kLiturgy.$tMissal.$sViviers.
988   $a20020608
906   $0MH

