LEADER 00503nam a2200169K  4500
001 003000858-1
005 20020606093309.7
008 930427s1897    be            000 0 lat d
035 0 $aocm77762485
040   $aHLS$cHLS
110 2 $aCatholic Church.
245 10$aMissæ propriæ ecclesiæ Jaciensis.
260   $a[Tornaci, etc.,$bTypis Soc. S. Joannis Evang., Desclée, Lefebvre et Soc.,$c1897.]
300   $app. 14.$cfol.
710 2 $aCatholic Church.$kLiturgy.$tMissal.$gJaca.
988   $a20020608
906   $0MH

