LEADER 00478nam a2200169K  4500
001 003000859-X
005 20020606093309.7
008 930427s1891    fr            000 0 lat d
035 0 $aocm84962445
040   $aHLS$cHLS
110 2 $aCatholic Church.
245 10$a[Officia Appar. B.M.V. Immac. cum cantu.
260   $aSolesmis,$bE typ. S. Petri,$c1891.]
300   $app. 4,5.$c8vo
710 2 $aCatholic Church.$kLiturgy.$tC.O., Choir Books.$sBenedictine.
988   $a20020608
906   $0MH

