LEADER 00965nam a2200241Ma 4500
001 003000860-3
005 20020606093309.7
008 941004s1991    it       b    100 0 ita d
035 0 $aocm31309514
040   $aPUL$cPUL$dHLS
110 2 $aCentro di studi avellaniti.$bConvegno$n(14th :$d1990 :$cFonte Avellana)
245 10$aEcologia e civiltà cristiana :$batti del XIV Convegno del Centro di studi avellaniti : Fonte Avellana, 1990.
246 3 $aAtti del XIV Convegno del Centro di studi avellaniti.
260   $a[Urbino :$bIl Centro,$c1991]
300   $a300 p. ;$c24 cm.
504   $aIncludes bibliographical references.
650  0$aHuman ecology$xReligious aspects$xChristianity$vCongresses.
650  0$aNature$xReligious aspects$xChristianity$vCongresses.
650  0$aNature$xEffect of human beings on$vCongresses.
650  0$aTheological anthropology$vCongresses.
650  0$aChristian civilization$vCongresses.
988   $a20020608
906   $0OCLC

