LEADER 00592nam a2200169K  4500
001 003000861-1
005 20020606093309.7
008 930427s1897    it            000 0 lat d
035 0 $aocm82930049
040   $aHLS$cHLS
110 2 $aCatholic Church.
245 10$aMissae propriae ecclesiae Vicetinae nec non aliae quae diebus diversis a Kal. universali assignatae celebrantur.
260   $aRomae,$bTypis Societatis Sancti Joannis Evangelistae, Desclée, Lefebvre et Soc.,$c1897.
300   $app. iv, 16.$cfol.
710 2 $aCatholic Church.$kLiturgy.$tMissal.$gVicenza.
988   $a20020608
906   $0MH

