LEADER 00478nam a2200169K  4500
001 003000862-X
005 20020606093309.7
008 930427s1891    be            000 0 lat d
035 0 $aocm81554420
040   $aHLS$cHLS
110 2 $aCatholic Church.
245 10$aDie 5 Julii, S. Ostiani confessoris.
260   $a[Tornaci,$btypis Soc. S. Joannis Evangelistæ,$c1891.]
300   $app. 4.$c12mo
710 2 $aCatholic Church.$kLiturgy.$tBreviary.$gJuly 1.
988   $a20020608
906   $0MH

