LEADER 01088nam a22002417u 4500
001 003000863-8
005 20020606093309.7
008 930511|1992    ru           |||||||rus|d
020   $a5090038066
035 0 $aocm28297905
043   $ae-ur---
050 00$aDK265.A553$bS54 1992
100 1 $aShevot︠s︡ukov, P. A.$q(Pshimaf Askarbievich)
245 10$aStranitsy istorii grazhdanskoi voiny :$bvsgliad cherez desiatletiia : kniga dlia uchitelia /$cP.A. Shevotsukov.
260   $aMoskva :$bProsveshchenie,$c1992.
300   $a189 p.
504   $aIncludes bibliographical references.
651  0$aSoviet Union$xHistory$yRevolution, 1917-1921.
651  0$aSoviet Union$xHistory$yRevolution, 1917-1921$xHistoriography.
776 08$iOnline version:$aShevot͡sukov, P.A. (Pshimaf Askarbievich).$tStranit͡sy istorii grazhdanskoĭ voĭny.$dMoskva : Prosveshchenie, 1992$w(OCoLC)596050714
776 08$iOnline version:$aShevot͡sukov, P.A. (Pshimaf Askarbievich).$tStranit͡sy istorii grazhdanskoĭ voĭny.$dMoskva : Prosveshchenie, 1992$w(OCoLC)624457421
988   $a20020608
906   $0MH

