LEADER 01292cam a2200301   4500
001 003000864-6
005 20020606093309.7
008 721025s1969    mnu           000 0 eng  
010   $a   72611893 //r862
035 0 $aocm00515764
040   $aDLC$cDLC$dm.c.$dHMG
043   $an-us-wi
050 0 $aE78.W8$bH34
082   $a970.4/75
100 1 $aHarkins, Arthur M.
245 10$aAttitudes and characteristics of selected Wisconsin Indians,$cby Arthur M. Harkins and Richard G. Woods.
260   $aMinneapolis,$bUniversity of Minnesota,$c1969.
300   $a49 l.$c28 cm.
500   $a"Training Center for Community Programs in cooperation with Office of Community Programs, Center for Urban and Regional Affairs."
650  0$aIndians of North America$zWisconsin.
650  0$aIndians of North America$xPsychology.
700 1 $aWoods, Richard G.,$d1933-$ejoint author.
710 2 $aUniversity of Minnesota.$bTraining Center for Community Programs.
710 2 $aUniversity of Minnesota.$bOffice of Community Programs.
700 1 $aWoods, Richard G.,$d1933-$eauthor.
776 08$iOnline version:$aHarkins, Arthur M.$tAttitudes and characteristics of selected Wisconsin Indians.$dMinneapolis, University of Minnesota, 1969$w(OCoLC)609347442
988   $a20020608
906   $0DLC

