LEADER 00477nam a2200169K  4500
001 003000865-4
005 20020606093309.7
008 930427s1891    fr            000 0 lat d
035 0 $aocm79341326
040   $aHLS$cHLS
110 2 $aCatholic Church.
245 10$aOfficia propria ad usum ecclesiae Lucionensis.
260   $aLucionii,$bEx Cancellaria Episcopali,$c1891.
300   $a4 pt.$c12mo
710 2 $aCatholic Church.$kLiturgy.$tBreviary.$gLuçon.
988   $a20020608
906   $0MH

