LEADER 00563nam a2200169K  4500
001 003000866-2
005 20020606093309.7
008 930427s1897    be            000 0 lat d
035 0 $aocm80387290
040   $aHLS$cHLS
110 2 $aCatholic Church.
245 10$aMissae propriae pro Siciliae regno et praesertim pro Panormitana ecclesia.
260   $a[Tornaci (Belg.),$bTypis Societatis S. Joannis Evangelistae, Desclée, Lefebvre et Soc.,$c1897.]
300   $app. 36, (2).$cfol.
710 2 $aCatholic Church.$kLiturgy.$tMissal.$gPalermo.
988   $a20020608
906   $0MH

