LEADER 01043nam a2200253   4500
001 003000867-0
005 20020606093309.7
008 721102s1972    inu      bs   000 0 eng  
010   $a   72612085 
035 0 $aocm00515769
040   $aDLC$cDLC$dm.c.$dm/c$dHMG
050 0 $aHD6483$b.P8 no. 351$aHD69.D4
082   $a658/.001/9$a658.4/03
100 1 $aPatchen, Martin.
245 14$aThe locus and basis of influence on organizational decisions.
260   $aLafayette, Ind.,$bHerman C. Krannert Graduate School of Industrial Administration, Purdue University,$c1972.
300   $a41, 11 p.$c28 cm.
490 1 $aInstitute for Research in the Behavioral, Economic, and Management Sciences. Paper$vno. 351
504   $aBibliography: p. 40-41.
650  0$aDecision making$xCase studies.
650  0$aIndustrial procurement$xCase studies.
830  0$aPaper (Krannert Graduate School of Industrial Administration. Institute for Research in the Behavioral, Economic, and Management Sciences) ;$vno. 351.
988   $a20020608
906   $0DLC

