LEADER 00484nam a2200169K  4500
001 003000869-7
005 20020606093309.7
008 930427s1909    gw            000 0 lat d
035 0 $aocm78224038
040   $aHLS$cHLS
110 2 $aCatholic Church.
245 10$aDie 31.Maji.$cB.Gabriëlis a Virgine Perdolente confessoris.
260   $a[Ratisbonæ,$bFr.Pustet,$c1909.]
300   $app. 2.$c12mo
710 2 $aCatholic Church.$kLiturgy.$tBreviary.$sPassionist.
988   $a20020608
906   $0MH

