LEADER 00511nam a2200169K  4500
001 003000870-0
005 20020606093309.7
008 930427s1897    gw            000 0 lat d
035 0 $aocm78606688
040   $aHLS$cHLS
110 2 $aCatholic Church.
245 10$aMissæ propriæ Sanctorum pro diœcesi Portugalliensi et pro regno Portugalliæ.
260   $a[Ratisbonæ,$bsumptibus Fr. Pustet,$c1897.]
300   $app. 44.$c8vo
710 2 $aCatholic Church.$kLiturgy.$tMissal.$gPortugal.
988   $a20020608
906   $0MH

