LEADER 00603nam a2200169K  4500
001 003000871-9
005 20020606093309.7
008 930427s1896    be            000 0 lat d
035 0 $aocm81054434
040   $aHLS$cHLS
110 2 $aCatholic Church.
245 10$aMissae propriae ad usum Congregat. SS. Cordium Jesu et Mariae necnon Adorationis perpetuae SS. Sacramenti Altaris.
260   $a[Tornaci (Belg.),$bTypis Societatis S. Joannis Evangelistae, Desclée, Lefebvre et Soc.,$c1896.]
300   $app. 10, (2).$cfol.
710 2 $aCatholic Church.$kLiturgy.$tMissal.$sCordite.
988   $a20020608
906   $0MH

