LEADER 00492nam a2200169K  4500
001 003000872-7
005 20020606093309.7
008 930427s1891    xx            000 0 lat d
035 0 $aocm80584869
040   $aHLS$cHLS
110 2 $aCatholic Church.
245 10$aOfficia propria Congregationis Sacerdotum Oblatorum a Corde Jesu.
260   $a[Tornaci,$bTypis Soc. S. Joannis Evang.,$c1891.]
300   $a4 pts.$c12mo
710 2 $aCatholic Church.$tBreviary.$gCordite.
988   $a20020608
906   $0MH

