LEADER 00481nam a2200169K  4500
001 003000873-5
005 20020606093309.7
008 930427s1891    xx            000 0 lat d
035 0 $aocm80354332
040   $aHLS$cHLS
110 2 $aCatholic Church.
245 10$aDie xxiii.Martii.$cB. Batistæ Mantuani, confessoris O.N.
260   $a[Mechliniæ,$bH. Dessain,$c1891.]
300   $app. 2.$c12mo
710 2 $aCatholic Church.$kLiturgy.$tBreviary.$sCarmelite.
988   $a20020608
906   $0MH

