LEADER 00558nam a2200169K  4500
001 003000874-3
005 20020606093309.7
008 930427s1896    be            000 0 lat d
035 0 $aocm77658172
040   $aHLS$cHLS
110 2 $aCatholic Church.
245 10$aMissæ propriæ Congregationi Sancti Spiritus et Immaculati Cordis Mariæ.
260   $a[Tornaci (Belg.),$bTypis Societatis S. Joannis Evangelistæ, Desclée, Lefebvre et Soc.,$c1896.]
300   $app. 14.$cfol.
710 2 $aCatholic Church.$kLiturgy.$tMissal.$sCordite.
988   $a20020608
906   $0MH

