LEADER 00501nam a2200169K  4500
001 003000875-1
005 20020606093309.7
008 930427s1897    gw            000 0 lat d
035 0 $aocm79743802
040   $aHLS$cHLS
110 2 $aCatholic Church.
245 10$aMissae propriae SS. Patronorum Poloniae et Sueciae ad Graduale Romanum.
260   $a[Ratisbonae,$bFr. Pustet,$c1897.]
300   $app. 52.$c12mo
710 2 $aCatholic Church.$kLiturgy.$tGradual.$gPoland & Sweden.
988   $a20020608
906   $0MH

