LEADER 00475nam a2200169K  4500
001 003000877-8
005 20020606093309.7
008 930427s1891    gw            000 0 lat d
035 0 $aocm82737611
040   $aHLS$cHLS
110 2 $aCatholic Church.
245 10$aDie 23.Martii.$cBeati Baptistæ Mantuani conf. O.N.
260   $a[Ratisbonæ,$bFr. Pustet,$c1891.]
300   $app. 2.$c12mo
710 2 $aCatholic Church.$kLiturgy.$tBreviary.$sCarmelite.
988   $a20020608
906   $0MH

