LEADER 00543nam a2200169K  4500
001 003000878-6
005 20020606093309.7
008 930427s1891    it            000 0 lat d
035 0 $aocm80171004
040   $aHLS$cHLS
110 2 $aCatholic Church.
245 10$aOfficia propria Instituti Oblatorum Sancti Francisci Salesii.
260   $aTornaci Nerviorum,$bTypis Soc, S. Joannis Evang., Desclée, Lefebvre et Soc.,$c1891.
300   $a4 pt.$bFront.$c12mo
710 2 $aCatholic Church.$kLiturgy.$tBreviary.$bSalesians.
988   $a20020608
906   $0MH

