LEADER 00478nam a2200169K  4500
001 003000879-4
005 20020606093309.7
008 930427s1891    it            000 0 lat d
035 0 $aocm83040429
040   $aHLS$cHLS
110 2 $aCatholic Church.
245 10$aOfficia propria Sanctorum dioecesis Novariensis.
260   $a[Taurini,$btyp. P. Marietti,$c1891.]
300   $app. 71, (1).$c12mo
710 2 $aCatholic Church.$kLiturgy.$tBreviary.$gNovara.
988   $a20020608
906   $0MH

