LEADER 00514nam a2200169K  4500
001 003000880-8
005 20020606093309.7
008 930427s1891    gw            000 0 lat d
035 0 $aocm79901187
040   $aHLS$cHLS
110 2 $aCatholic Church.
245 10$aDie 1.Martii.$cIn festo Apparitionis B. Mariæ V. Immaculatæ [vulgò de Lourdes.
260   $aRatisbonæ,$btypis Fr. Pustet,$c1891.]
300   $app. 12.$c12mo
710 2 $aCatholic Church.$kLiturgy.$tBreviary.$sRedemptorist.
988   $a20020608
906   $0MH

