LEADER 00544nam a2200169K  4500
001 003000881-6
005 20020606093309.7
008 930427s1897    be            000 0 lat d
035 0 $aocm78390070
040   $aHLS$cHLS
110 2 $aCatholic Church.
245 10$aMissæ Sanctorum pro civitate et diœcesi Vercellensi.
260   $a[Tornaci (Belg.),$bTypis Societatis S. Joannis Evangelistæ, Desclée, Lefebvre et Soc.,$c1897.]
300   $app. 34, (2).$cfol.
710 2 $aCatholic Church.$kLiturgy.$tMissal.$gVercelli.
988   $a20020608
906   $0MH

