LEADER 00470nam a2200169K  4500
001 003000882-4
005 20020606093309.7
008 930427s1891    be            000 0 lat d
035 0 $aocm84931438
040   $aHLS$cHLS
110 2 $aCatholic Church.
245 10$aOfficia propria Sanctorum ecclesiae Cordubensis.
260   $a[Mechliniae,$bH. Dessain,$c1891.]
300   $a4 pts.$c12mo
710 2 $aCatholic Church.$kLiturgy.$tBreviary.$gCordova.
988   $a20020608
906   $0MH

