LEADER 00504nam a2200169K  4500
001 003000883-2
005 20020606093309.7
008 930427s1909    be            000 0 lat d
035 0 $aocm83476513
040   $aHLS$cHLS
110 2 $aCatholic Church.
245 10$aDie 15.Maji.$cB.Magdalenæ Albriciæ virg. Ord.Eremitarum S.Augustini.
260   $a[Mechliniæ,$bH. Dessain,$c1909.]
300   $app. 3+.$c24to
710 2 $aCatholic Church.$kLiturgy.$tBreviary.$bAugustinian Friars.
988   $a20020608
906   $0MH

