LEADER 00479nam a2200169K  4500
001 003000884-0
005 20020606093309.7
008 930427s1897    fr            000 0 fre d
035 0 $aocm79276338
040   $aHLS$cHLS
110 2 $aCatholic Church.
245 10$aOffice de Saint Vincent de Paul.
260   $a[Solesmes,$bImprimerie Saint-Pierre,$c1897.]
300   $app. 12.$c16mo
710 2 $aCatholic Church.$kLiturgy.$tC.O., Choir Books.$sBenedictine.
988   $a20020608
906   $0MH

