LEADER 00485nam a2200169K  4500
001 003000885-9
005 20020606093309.7
008 930427s1891    gw            000 0 lat d
035 0 $aocm78691369
040   $aHLS$cHLS
110 2 $aCatholic Church.
245 10$aDie 25.Novembris.$cIn festo S. Tharsicii acolythi martyris.
260   $a[Ratisbonæ,$btypis Fr. Pustet,$c1891.]
300   $app. 2.$cfol.
710 2 $aCatholic Church.$kLiturgy.$tMissal.$gNov. 25.
988   $a20020608
906   $0MH

