LEADER 00513nam a2200169K  4500
001 003000886-7
005 20020606093309.7
008 930427s1896    gw            000 0 lat d
035 0 $aocm82481504
040   $aHLS$cHLS
110 2 $aCatholic Church.
245 10$aMissæ propriæ ecclesiasticæ provinciæ Sanctæ Fidei Neo-Granatensis.
260   $a[Ratisbonæ,$btypis Fr. Pustet,$c1896.]
300   $app. 40.$cfol.
710 2 $aCatholic Church.$kLiturgy.$tMissal.$gSanta Fé de Colombia.
988   $a20020608
906   $0MH

