LEADER 00522nam a2200169K  4500
001 003000887-5
005 20020606093309.7
008 930427s1891    xx            000 0 lat d
035 0 $aocm82440552
040   $aHLS$cHLS
110 2 $aCatholic Church.
245 10$aOfficia propria Sanctorum ecclesiæ Sancti-Flori.
260   $aTornaci Nerviorum,$btypis Soc. S. Joannis Evang., Desclée, Lefebvre et Soc.,$c1891.
300   $a4 pt.$c16mo
710 2 $aCatholic Church.$kLiturgy.$tBreviary.$sS. Flour.
988   $a20020608
906   $0MH

