LEADER 00556nam a2200169K  4500
001 003000889-1
005 20020606093309.7
008 930427s1896    xx            000 0 lat d
035 0 $aocm78316518
040   $aHLS$cHLS
110 2 $aCatholic Church.
245 10$aMissæ propriæ Festorum Ordinis Eremitarum Sancti Augustini.
260   $aTornaci Nerviorum,$bTypis Societatis S. Joannis Evangelistæ, Desclée, Lefebvre et Soc.,$c1896.
300   $app. 84.$cfol.
710 2 $aCatholic Church.$kLiturgy.$tMissal.$bAugustinian Friars.
988   $a20020608
906   $0MH

