LEADER 00535nam a2200169K  4500
001 003000890-5
005 20020606093309.7
008 930427s1891    xx            000 0 lat d
035 0 $aocm82282376
040   $aHLS$cHLS
110 2 $aCatholic Church.
245 10$aDie xxx.Octobris.$cIn festo impressionis crucifixi ejusque passionis insignium in corde Sanctæ Claræ a Cruce.
260   $a[Mechliniæ,$bH. Dessain,$c1891.]
300   $app. 2.$cfol.
710 2 $aCatholic Church.$kLiturgy.$tMissal.$sAugustinian.
988   $a20020608
906   $0MH

