LEADER 00553nam a2200169K  4500
001 003000891-3
005 20020606093309.7
008 930427s1896    xx            000 0 lat d
035 0 $aocm82977377
040   $aHLS$cHLS
110 2 $aCatholic Church.
245 10$aMissæ propriæ Sanctorum diœcesis Santanderiensis.
260   $aTornaci Nerviorum,$bTypis Societatis S. Joannis Evangelistæ, Desclée, Lefebvre et Soc.,$c1896.
300   $app. 57, (3).$bIllustr.$cfol.
710 2 $aCatholic Church.$kLiturgy.$tMissal.$gSantander.
988   $a20020608
906   $0MH

