LEADER 00481nam a2200169K  4500
001 003000892-1
005 20020606093309.7
008 930427s1891    gw            000 0 lat d
035 0 $aocm82999666
040   $aHLS$cHLS
110 2 $aCatholic Church.
245 10$aOfficia propria Sanctorum Ordinis Servorum B. Mariæ V.
260   $aRatisbonæ,$btypis Fr. Pustet,$c1891.
300   $a8 pts.$c12mo
710 2 $aCatholic Church.$kLiturgy.$tBreviary.$sServite.
988   $a20020608
906   $0MH

