LEADER 00520nam a2200169K  4500
001 003000893-X
005 20020606093309.7
008 930427s1896    gw            000 0 lat d
035 0 $aocm82999673
040   $aHLS$cHLS
110 2 $aCatholic Church.
245 10$aMissæ propriæ Sanctorum pro archidiœcesi Florentina et diœcesi Fæsulana.
260   $a[Ratisbonæ,$btypis Fr. Pustet,$c1896.]
300   $app. 27, (1).$cfol.
710 2 $aCatholic Church.$kLiturgy.$tMissal.$gFirenze & Fiésole.
988   $a20020608
906   $0MH

