LEADER 00520nam a2200169K  4500
001 003000894-8
005 20020606093309.7
008 930427s1891    gw            000 0 lat d
035 0 $aocm79273706
040   $aHLS$cHLS
110 2 $aCatholic Church.
245 10$aDominica ante diem Octavam Kalendas Julii.$cB. Mariæ V. sub titulo de Perpetuo Succursu.
260   $a[Ratisbonæ,$btypis Fr. Pustet,$c1891.]
300   $app. 2.$cfol.
710 2 $aCatholic Church.$kLiturgy.$tMissal.$sRedemptorist.
988   $a20020608
906   $0MH

