LEADER 00642nam a2200169K  4500
001 003000895-6
005 20020606093309.7
008 930427s1891    xx            000 0 lat d
035 0 $aocm81702352
040   $aHLS$cHLS
110 2 $aCatholic Church.
245 10$aOrdo Divini Officii celebrandi sacrique peragendi juxta ritum Romano-monasticum in ecclesiis et oratoris Congregationis Beuronensis O.S.B., pro Anno Domini communi 1891 editus.
260   $aTornaci,$btypis Societ. J. Joannis Evangel., Desclée, Lefebvre et soc.$c[1891].
300   $c12mo
710 2 $aCatholic Church.$kLiturgy.$tDirectory.$sBenedictine.
988   $a20020608
906   $0MH

