LEADER 00667nam a2200169K  4500
001 003000896-4
005 20020606093309.7
008 930427s1896    gw            000 0 lat d
035 0 $aocm83993297
040   $aHLS$cHLS
110 2 $aCatholic Church.
245 10$aMissæ propriæ Sanctorum quæ in ecclesiastica provincia Tarraconensi scilicet in diœcesibus Barcinonensi, Coelsonensi, Dertusensi, Gerundensi, Ilerdensi, Tarraconensi, Urgellensi et Vicensi, ex concessione apostolica celebrantur.
260   $a[Ratisbonæ,$btypis Fr. Pustet,$c1896.]
300   $app. 19, (1).$cfol.
710 2 $aCatholic Church.$kLiturgy.$tMissal.$gTarragóna.
988   $a20020608
906   $0MH

