LEADER 00491nam a2200169K  4500
001 003000897-2
005 20020606093309.7
008 930427s1909    gw            000 0 lat d
035 0 $aocm80988998
040   $aHLS$cHLS
110 2 $aCatholic Church.
245 10$aDie 1.Septembris.$cS.Philumenæ virginis et martyris.
260   $a[Ratisbonæ,$btypis Friderici Pustet,$c1909.]
300   $app. 2.$c16mo
710 2 $aCatholic Church.$kLiturgy.$tBreviary.$fSeptember 1.
988   $a20020608
906   $0MH

