LEADER 00534nam a2200169K  4500
001 003000898-0
005 20020606093309.7
008 930427s1891    xx            000 0 lat d
035 0 $aocm82540226
040   $aHLS$cHLS
110 2 $aCatholic Church.
245 10$aDominica ante diem octavum kalendas Julii.$cIn festo Beatæ Mariæ Virginis sub titulo De Perpetuo Succursu.
260   $a[Mechliniæ,$bH. Dessain,$c1891.]
300   $app. 6.$c16mo
710 2 $aCatholic Church.$kLiturgy.$tBreviary.$sBenedictine.
988   $a20020608
906   $0MH

