LEADER 00669nam a2200181K  4500
001 003000899-9
005 20020606093309.7
008 930427s1891    fr            000 0 lat d
035 0 $aocm82203614
040   $aHLS$cHLS
110 2 $aCatholic Church.
245 10$aOrdo Divini Officii recitandi sacrique peragendi ad usum Congregationis Oratorii D.N. Jesu Christi et Mariæ Immaculatæ juxta rubricas et decreta S.R.C. Anno Domini 1891.
260   $aLucionii,$bex typis M. Bideaux,$c1891.
300   $c12mo
501   $a1891 bound together with the Ordo Augustodunensis for 1892.
710 2 $aCatholic Church.$kLiturgy.$tDirectory.$sOratorian.
988   $a20020608
906   $0MH

