LEADER 00693nam a2200169K  4500
001 003000900-6
005 20020606093309.7
008 930427s1896    gw            000 0 lat d
035 0 $aocm78316519
040   $aHLS$cHLS
110 2 $aCatholic Church.
245 10$aMissæ propriæ Sanctorum quæ in provincia ecclesiastica Cæsaraugustana scilicet in diœcesibus Cæsaraugustana, Albarracinensi, Barbastrensi, Jaccensi, Oscensi, Pampelonensi, Terulensi, Turiasonensi et Tutelensi ex concessione apostolica celebrantur.
260   $a[Ratisbonæ,$bex officina Fr. Pustet,$c1896.]
300   $app. 26, (2).$cfol.
710 2 $aCatholic Church.$kLiturgy.$tMissal.$gZaragóza.
988   $a20020608
906   $0MH

