LEADER 00493nam a2200169K  4500
001 003000901-4
005 20020606093309.7
008 930427s1891    gw            000 0 lat d
035 0 $aocm84175123
040   $aHLS$cHLS
110 2 $aCatholic Church.
245 10$aDom. infra Oct. Ascensionis.$cB. Mariæ Virg. Reginæ Apostolorum.
260   $a[Ratisbonæ,$bFr. Pustet,$c1891.]
300   $app. 8.$c12mo
710 2 $aCatholic Church.$kLiturgy.$tBreviary.$sRedemptorist.
988   $a20020608
906   $0MH

