LEADER 00673nam a2200169K  4500
001 003000903-0
005 20020606093309.7
008 930427s1896    xx            000 0 lat d
035 0 $aocm78927103
040   $aHLS$cHLS
110 2 $aCatholic Church.
245 10$aMissae propriae Sanctorum trium Ordinum Fratrum Minorum S.P.N. Francisci, ad normam Missalis Romani redactae, et a SS.D.N. Pio Papa VI. approbatae, additis Missis novissime concessis.
260   $aTornaci Nerviorum,$btypis Societatis S. Joannis Evangelistae, Desclée, Lefebvre et Soc.,$c1896.
300   $app. iv, 76.$c8vo
710 2 $aCatholic Church.$kLiturgy.$tMissal.$sFranciscan.
988   $a20020608
906   $0MH

