LEADER 00674nam a2200181K  4500
001 003000904-9
005 20020606093309.7
008 930427s1905    fr            000 0 lat d
035 0 $aocm79042227
040   $aHLS$cHLS
110 2 $aCatholic Church.
245 10$aOrdo Divinorum Officiorum diœcesis Tornacensis juxta Calendarium a Sancta Sede recens approbatum ex mandato Illmi ac RRmi D.D. Episcopi, pro Anno Domini 1891.
260   $aParisiis,$bLibraria internation.-catholica, etc., etc.$c1905.
300   $c12mo
501   $a1891 bound together with the Ordo Beuronensis for 1891.
710 2 $aCatholic Church.$kLiturgy.$tDirectory.$gTournai.
988   $a20020608
906   $0MH

