LEADER 00507nam a2200169K  4500
001 003000906-5
005 20020606093309.7
008 930427s1896    xx            000 0 lat d
035 0 $aocm83281835
040   $aHLS$cHLS
110 2 $aCatholic Church.
245 10$aMissae propriae Societatis Jesu.
260   $a[Tornaci,$btypis Societatis S. Joannis Evangel., Desclée, Lefebvre et Soc.,$c1896.]
300   $app. 21, (3).$c8vo
710 2 $aCatholic Church.$kLiturgy.$tMissal.$sJesuit.
988   $a20020608
906   $0MH

