LEADER 00520nam a2200169I  4500
001 003000908-1
005 20020606093309.7
008 930427s1891    mau           000 0 eng  
010   $a   06019870 
035 0 $aocm33953362
040   $aDLC$cHLS
110 2 $aCatholic Church.
245 10$aEncyclical letter of our holy father by divine providence,$bPope Leo XIII. on the condition of labor.$cOfficial translation.
260   $aBoston$b[Pilot publishing co.]$c[1891]
300   $a[16 p.$c22 cm.]
988   $a20020608
906   $0DLC

