LEADER 00490nam a2200169K  4500
001 003000909-X
005 20020606093309.7
008 930427s1895    be            000 0 lat d
035 0 $aocm79042232
040   $aHLS$cHLS
110 2 $aCatholic Church.
245 10$aSupplementum pro dioecesi Minoricensi.
260   $a[Tornaci (Belg.),$btypis Societatis S. Joannis Evangel,$c1895.]
300   $a4 pts.$c12mo
710 2 $aCatholic Church.$kLiturgy.$tBreviary.$gMinorca.
988   $a20020608
906   $0MH

