LEADER 00470nam a2200169K  4500
001 003000910-3
005 20020606093309.7
008 930427s1892    be            000 0 lat d
035 0 $aocm78002419
040   $aHLS$cHLS
110 2 $aCatholic Church.
245 10$aOfficia pro provincia Californiæ.
260   $a[Mechliniæ,$bH. Dessain,$c1892.]
300   $a2 pts.$c12mo
710 2 $aCatholic Church.$kLiturgy.$tBreviary.$sDominican, California.
988   $a20020608
906   $0MH

