LEADER 00541nam a2200181K  4500
001 003000911-1
005 20020606093309.7
008 930427s1891    fr            000 0 fre d
035 0 $aocm28760438
040   $aHLS$cHLS
110 2 $aCatholic Church.
245 12$aL'encyclique sur la question sociale,$bavec commentaire historique & littéral,$cpar J.-B. Boudignon.
260   $aParis,$bLethielleux,$c1891.
300   $a140 p.
690  9$aPapacy$xDocuments$y1878-1903 (Leo XIII)$5wid
700 1 $aBoudignon, J. B.
988   $a20020608
906   $0MH

