LEADER 00492nam a2200169K  4500
001 003000912-X
005 20020606093309.7
008 930427s1909    xx            000 0 lat d
035 0 $aocm78002420
040   $aHLS$cHLS
110 2 $aCatholic Church.
245 10$aFeria iii.post Dom.Quinquagesimæ in festo Imaginis Sacri Vultus D.N.J.C.
260   $a[Turonibus,$btypis Mame,$c1909.]
300   $app. (2).$cfol.
710 2 $aCatholic Church.$kLiturgy.$tMissal.$gTours.
988   $a20020608
906   $0MH

