LEADER 00450nam a2200169K  4500
001 003000913-8
005 20020606093309.7
008 930427s1892    fr            000 0 lat d
035 0 $aocm83419948
040   $aHLS$cHLS
110 2 $aCatholic Church.
245 10$aOfficia propria diœcesis Albiensis.
260   $a[Albi?,$bn.pr.,$c1892.]
300   $app. 147+.$c12mo
710 2 $aCatholic Church.$kLiturgy.$tAntiphoner.$gAlbi.
988   $a20020608
906   $0MH

