LEADER 00515nam a2200169K  4500
001 003000914-6
005 20020606093309.7
008 930427s1896    fr            000 0 fre d
035 0 $aocm82618393
040   $aHLS$cHLS
110 2 $aCatholic Church.
245 10$aOffices et Messes propres du diocèse de Fréjus,$bnotés en plain-chant.
260   $aMarseille,$bJ. Mingardon,$c[Imprim.: 1896].
300   $app. 46.$c16mo
710 2 $aCatholic Church.$kLiturgy.$tC.O., Choir Books.$gFréjus.
988   $a20020608
906   $0MH

