LEADER 00501nam a2200169K  4500
001 003000915-4
005 20020606093309.7
008 930427s1895    fr            000 0 fre d
035 0 $aocm81701772
040   $aHLS$cHLS
110 2 $aCatholic Church.
245 10$aVingt-sept Nov.$bFête de la Médaille Miraculeuse. [Office et Messe notés.
260   $aRemis?,$bn.pr.,$c1895.]
300   $app. 4.$c12mo
710 2 $aCatholic Church.$kLiturgy.$bC.O., Officia propria.$gNov. 27.
988   $a20020608
906   $0MH

