LEADER 00490nam a2200169K  4500
001 003000917-0
005 20020606093309.7
008 930427s1900    gw            000 0 lat d
035 0 $aocm83616337
040   $aHLS$cHLS
110 2 $aCatholic Church.
245 10$aProprium Missarum in usum provinciæ ecclesiasticæ Quitensis.
260   $a[Ratisbonæ,$bsumptibus Fr. Pustet,$c1900.]
300   $app. 48.$c8vo
710 2 $aCatholic Church.$kLiturgy.$tMissal.$gQuito.
988   $a20020608
906   $0MH

