LEADER 00496nam a2200169K  4500
001 003000918-9
005 20020606093309.7
008 930427s1895    fr            000 0 fre d
035 0 $aocm80822560
040   $aHLS$cHLS
110 2 $aCatholic Church.
245 10$aVingt-sept novembre.$bFête de la Médaille Miraculeuse.
260   $a[Parisiis,$bLibrairie Ch. Poussielgue,$c1895.]
300   $app. 4.$c8vo
710 2 $aCatholic Church.$kLiturgy.$tC.O., Choir Book.$gParis.
988   $a20020608
906   $0MH

