LEADER 00478nam a2200169K  4500
001 003000919-7
005 20020606093309.7
008 930427s1896    xx            000 0 lat d
035 0 $aocm84255488
040   $aHLS$cHLS
110 2 $aCatholic Church.
245 10$aOfficia propria diœcesis Regii Lepidi.
260   $a[Taurini,$bP. Marietti,$c1896.]
300   $a4 pts. (separately paged).$c12mo
710 2 $aCatholic Church.$kLiturgy.$tBreviary.$gReggio.
988   $a20020608
906   $0MH

