LEADER 00465nam a2200169K  4500
001 003000920-0
005 20020606093309.7
008 930427s1892    be            000 0 lat d
035 0 $aocm80170977
040   $aHLS$cHLS
110 2 $aCatholic Church.
245 10$aOfficia propria diœcesis Luxemburgensis.
260   $a[Mechliniæ,$bH. Dessain,$c1892.]
300   $a4 pts.$c16mo
710 2 $aCatholic Church.$kLiturgy.$tBreviary.$gLuxemburg.
988   $a20020608
906   $0MH

