LEADER 00464nam a2200169K  4500
001 003000921-9
005 20020606093309.7
008 930427s1896    fr            000 0 lat d
035 0 $aocm84414405
040   $aHLS$cHLS
110 2 $aCatholic Church.
245 10$aOfficia propria diœcesis Tutelensis.
260   $aParisiis,$bapud Car. Poussielgue,$c1896.
300   $a4 pts.$c12mo
710 2 $aCatholic Church.$kLiturgy.$tBreviary.$gTulle.
988   $a20020608
906   $0MH

