LEADER 00538nam a2200169K  4500
001 003000922-7
005 20020606093309.7
008 930427s1909    be            000 0 lat d
035 0 $aocm79338925
040   $aHLS$cHLS
110 2 $aCatholic Church.
245 10$aKalendaria particularia locorum quorum patroni et ecclesiarum quarum titulares sunt in archidiœcesi Mechliniensi.
260   $aMechliniæ,$bH. Dessain,$c[1909].
300   $app. 28.$c12mo
710 2 $aCatholic Church.$kLiturgy.$tDirectory.$gMalines.
988   $a20020608
906   $0MH

