LEADER 00511nam a2200169K  4500
001 003000923-5
005 20020606093309.7
008 930427s1896    gw            000 0 lat d
035 0 $aocm83220690
040   $aHLS$cHLS
110 2 $aCatholic Church.
245 10$aOfficia propria diœcesium Santanderiensis atque Calagurrit. et Calceatensis.
260   $a[Ratisbonæ,$bFr. Pustet,$c1896.]
300   $app. 18, (2).$c12mo
710 2 $aCatholic Church.$kLiturgy.$tBreviary.$gSantander, &c.
988   $a20020608
906   $0MH

