LEADER 00522nam a2200169K  4500
001 003000924-3
005 20050510154828.0
008 930427s1890    xx            000 0 lat d
035 0 $aocm80275304
040   $aHLS$cHLS
110 2 $aCatholic Church.
245 10$aDie xxii. Decembris. In festo B. Gratiæ a Catharo laici professi Ordinis Eremitarum S. Augustini.
260   $a[Mechliniæ,$bH. Dessain,$c1890.]
300   $app. 2.$c12mo
710 2 $aCatholic Church.$kLiturgy.$tMissal.$sAugustinian.
988   $a20020608
906   $0MH

