LEADER 00566nam a2200169K  4500
001 003000925-1
005 20020606093309.7
008 930427s1896    be            000 0 lat d
035 0 $aocm83762906
040   $aHLS$cHLS
110 2 $aCatholic Church.
245 10$aAdditamentum Missarum ad usum sanctæ Perusinæ ecclesiæ ex peculiaribus Apostolicæ Sedis indultis concessarum.
260   $a[Tornaci (Belg.),$btypis Desclée, Lefebvre et Soc.,$c1896.]
300   $app. 21, (1).$cfol.
710 2 $aCatholic Church.$kLiturgy.$tMissal.$gPerugia.
988   $a20020608
906   $0MH

