LEADER 00510nam a2200169K  4500
001 003000926-X
005 20020606093309.7
008 930427s1890    fr            000 0 lat d
035 0 $aocm80388309
040   $aHLS$cHLS
110 2 $aCatholic Church.
245 14$aDie viii Decembris. In festo Immaculatæ Conceptionis Beatæ Mariæ Virginis.
260   $a[Parisiis,$btyp. F. Levé,$ccir. 1890.]
300   $app. 3+.$c8vo
710 2 $aCatholic Church.$kLiturgy.$tAntiphoner.$fDecember 8.
988   $a20020608
906   $0MH

