LEADER 00505nam a2200169K  4500
001 003000927-8
005 20050510154733.0
008 930427s1890    xx            000 0 lat d
035 0 $aocm79189060
040   $aHLS$cHLS
110 2 $aCatholic Church.
245 10$aDie xxvii. Februarii. In festo Beatæ Josephæ Mariæ a S. Agnete virginis O.N.
260   $a[Mechliniæ,$bH. Dessain,$c1890.]
300   $app. 2.$c12mo
710 2 $aCatholic Church.$kLiturgy.$tBreviary.$sAugustinian.
988   $a20020608
906   $0MH

