LEADER 00518nam a2200169K  4500
001 003000928-6
005 20020606093309.7
008 930427s1890    fr            000 0 lat d
035 0 $aocm83301228
040   $aHLS$cHLS
110 2 $aCatholic Church.
245 14$aDie xi Februarii. In festo SS. Septem Fundatorum Ordinis Servorum B.M.V. confessorum.
260   $a[Paris,$bLibrairie Ch. Poussielgue,$c1890.]
300   $app. 2.$c8vo
710 2 $aCatholic Church.$kLiturgy.$tAntiphoner.$sServite.
988   $a20020608
906   $0MH

