LEADER 00502nam a2200169K  4500
001 003000929-4
005 20020606093309.7
008 930427s1892    gw            000 0 lat d
035 0 $aocm81857981
040   $aHLS$cHLS
110 2 $aCatholic Church.
245 10$aOfficia propria pro diœcesi Portugalliensi.
260   $a[Ratisbonæ,$bsumpt. et typ. Fr. Pustet,$c1892.]
300   $a4 in 1 (separately paged).$c12mo
710 2 $aCatholic Church.$kLiturgy.$tBreviary.$gPortugal.
988   $a20020608
906   $0MH

