LEADER 00515nam a2200169K  4500
001 003000930-8
005 20050510142917.0
008 930427s1890    xx            000 0 lat d
035 0 $aocm80246466
040   $aHLS$cHLS
110 2 $aCatholic Church.
245 10$aDie 27. Januarii. S. Juliani, primi Cenomanensium episcopi et apostoli.$b[Graduale.]
260   $a[Solesmis,$btypis S. Petri,$ccir. 1890.]
300   $app. 2.$c8vo
710 2 $aCatholic Church.$kLiturgy.$tGradual.$sBenedictine.
988   $a20020608
906   $0MH

