LEADER 00502nam a2200169K  4500
001 003000931-6
005 20020606093309.7
008 930427s1890    fr            000 0 lat d
035 0 $aocm81054071
040   $aHLS$cHLS
110 2 $aCatholic Church.
245 14$aDie v. Julii. In festo SS. Cyrilli et Methodii, pontificum et confessorum.
260   $a[Parisiis,$be typis F. Levé,$ccir. 1890.]
300   $app. 2.$c8vo
710 2 $aCatholic Church.$kLiturgy.$tGradual.$fJuly 5.
988   $a20020608
906   $0MH

