LEADER 00837nam a2200205K  4500
001 003000932-4
005 20020606093309.7
008 930427s1896    fr            000 0 fre d
035 0 $aocn612082661
040   $aHHG$cHHG
110 2 $aCatholic Church.$bPope (1513-1521 : Leo X)
245 10$aBrevet des indulgences accordées en 1516 pour le rétablissement de la flèche de la cathédrale de Rouen,$bincendiée le 4 octobre 1514.$cPublié avec une introduction par Charles de Beaurepaire.
260   $aRouen,$bImprimerie Léon Gy,$cM D CCCXCVI.
300   $a7, [3] p.$c21 cm.
490 0 $aIn Société des bibliophiles normands. Miscellanées.$v3. série, 1896
650  0$aPapacy$tDoc. 1513-1521.
610 20$aCathédrale Notre-Dame (Rouen, France)
700 1 $aBeaurepaire, Charles de,$d1828-1908,$eed.
988   $a20020608
906   $0MH

