LEADER 00558nam a2200169K  4500
001 003000933-2
005 20020606093309.7
008 930427s1896    pl            000 0 pol d
035 0 $aocm84174418
040   $aHLS$cHLS
110 2 $aCatholic Church.
245 10$aAniół stróż chrześcianina katolika.$bZbiór modłów i pieśni dla dusz pobożnych.
250   $aWyd. 12.
260   $aW Grudziądzu (Graudenz W.-Pr.)$bNakładem G. Jalkowskiego$c[1896?]
710 2 $aCatholic Church.$kLiturgy.$tOccasional and supplementary prayers.
988   $a20020608
906   $0MH

