LEADER 00472nam a2200169K  4500
001 003000934-0
005 20020606093309.7
008 930427s1890    fr            000 0 lat d
035 0 $aocm83142570
040   $aHLS$cHLS
110 2 $aCatholic Church.
245 14$aDie v. Junii. In festo S. Bonifacii, episcopi et martyris.
260   $a[Paris,$bn.pr.,$ccir. 1890.]
300   $app. 4.$c8vo
710 2 $aCatholic Church.$kLiturgy.$tGradual.$fJune 5.
988   $a20020608
906   $0MH

