LEADER 00479nam a2200169K  4500
001 003000935-9
005 20020606093309.7
008 930427s1892    gw            000 0 lat d
035 0 $aocm78606699
040   $aHLS$cHLS
110 2 $aCatholic Church.
245 10$aOfficia propria Sanctorum archidiœcesis Antequerensis.
260   $a[Ratisbonæ,$bFr. Pustet,$c1892.]
300   $a2 pts.$c12mo
710 2 $aCatholic Church.$kLiturgy.$tBreviary.$gAntequera.
988   $a20020608
906   $0MH

