LEADER 00487nam a2200169K  4500
001 003000936-7
005 20020606093309.7
008 930427s1890    xx            000 0 lat d
035 0 $aocm78576743
040   $aHLS$cHLS
110 2 $aCatholic Church.
245 14$aDie iv. Maii. B. Joannis Baptistæ de la Salle.
260   $a[Tornaci,$bTypis Soc. S. Joannis Evang.,$c1890.]
300   $app. 5, (1).$c24to
710 2 $aCatholic Church.$kLiturgy.$tBreviary.$fMay 4.
988   $a20020608
906   $0MH

