LEADER 00509nam a2200169K  4500
001 003000937-5
005 20020606093309.7
008 930427s1892    gw            000 0 lat d
035 0 $aocm84414503
040   $aHLS$cHLS
110 2 $aCatholic Church.
245 10$aOfficia propria Sanctorum et festorum S. Luganensis ecclesiæ.
260   $aRatisbonæ,$bFr. Pustet,$c1892.
300   $a4 pts. (with covering title-page).$c12mo
710 2 $aCatholic Church.$kLiturgy.$tBreviary.$gLugano.
988   $a20020608
906   $0MH

