LEADER 00592nam a2200169K  4500
001 003000938-3
005 20050510154643.0
008 930427s1890    xx            000 0 lat d
035 0 $aocm81156185
040   $aHLS$cHLS
110 2 $aCatholic Church.
245 10$aDie xxviii. Maii. B. Margaritae Pole, comitissae mart. Duplex. Pro conventu Canonissarum SS. Sepulchri apud New Hall.
260   $a[Tornaci,$bDesclée, Lefebvre et Soc.,$c1890.]
300   $app. 2.$c12mo
710 2 $aCatholic Church.$kLiturgy.$tBreviary.$bCanonesses of the Holy Sepulchre, New Hall, Eng.
988   $a20020608
906   $0MH

