LEADER 00756nam a2200205K  4500
001 003000939-1
005 20020606093309.7
008 930427s1900    fr            000 0 fre d
035 0 $aocn612082666
040   $aHHG$cHHG
110 2 $aCatholic Church.$bPope (1492-1503 : Alexander VI)
245 10$aPlacard d'indulgence accordée a la Madeleine de Rouen en 1501,$cpubliée avec introduction par m. Charles de Beaurepaire.
260   $aRouen,$bImprimerie Léon Gy,$cMDCCCC.
300   $avij, [3] p.$c21 cm.
490 0 $aIn Société des bibliophiles normands. Miscellanées.$v4. série, 1913
650  0$aPapacy$tDoc. 1492-1503.
610 10$aRouen.$bLa Madeline (Church)
700 1 $aBeaurepaire, Charles de,$d1828-1908,$eed.
988   $a20020608
906   $0MH

