LEADER 00547nam a2200169K  4500
001 003000940-5
005 20020606093309.7
008 930427s1890    xx            000 0 lat d
035 0 $aocm80606220
040   $aHLS$cHLS
110 2 $aCatholic Church.
245 14$aDie iv. Maii. B. Ricardi Reynolds, martyris. Duplex. Pro monialibus totius Ordinis S. Birgittae.
260   $a[Tornaci,$bDesclée, Lefebvre et Soc.,$c1890]
300   $app. 3, (1).$c12mo
710 2 $aCatholic Church.$kLiturgy.$tBreviary.$gBrigittine, England.
988   $a20020608
906   $0MH

