LEADER 00596nam a2200169K  4500
001 003000941-3
005 20050510154947.0
008 930427s1890    xx            000 0 lat d
035 0 $aocm78760310
040   $aHLS$cHLS
110 2 $aCatholic Church.
245 10$aDie xi. Maii. BB. Joannis Rochester, Jacobi Walworth, monachorum Carthusiensium, et soc. mart. Duplex. Pro dioecesibus Loidensi et Medioburgensi.
260   $a[Tornaci,$bDesclée, Lefebvre et Soc.,$c1890.]
300   $app. 3, (1).$c12mo
710 2 $aCatholic Church.$kLiturgy.$tBreviary.$gMiddlesbrough, Eng.
988   $a20020608
906   $0MH

