LEADER 00471nam a2200169K  4500
001 003000942-1
005 20020606093309.7
008 930427s1900    gw            000 0 lat d
035 0 $aocm78032798
040   $aHLS$cHLS
110 2 $aCatholic Church.
245 10$aProprium Missarum sanctæ Platensis ecclesiæ.
260   $a[Ratisbonæ,$btypis Fr. Pustet,$c1900.]
300   $app. 31.$cfol.
710 2 $aCatholic Church.$kLiturgy.$tMissal.$gPlatz.
988   $a20020608
906   $0MH

