LEADER 00556nam a2200169K  4500
001 003000943-X
005 20020606093309.7
008 930427s1892    be            000 0 lat d
035 0 $aocm77827804
040   $aHLS$cHLS
110 2 $aCatholic Church.
245 10$aOfficia propria Sanctorum pro dioecesi Rhacusina.
260   $aTornaci Nerviorum, (Belg.),$bTypis Societ. S. Joannis Evang., Desclée, Lefebvre et Soc.,$c[Imprimatur: 1892].
300   $app. 217, v, (1).$c8vo
710 2 $aCatholic Church.$kLiturgy.$tBreviary.$gRagusa.
988   $a20020608
906   $0MH

