LEADER 02340cjm a2200481Ia 4500
001 003000944-8
005 20050601215644.0
008 930317p19931992nyujzn   ei             d
024 1 $a7464533242
028 00$aC2K 53324$bColumbia
028 00$aCK 53428--CK 53429$bColumbia
028 00$aDIDP 078890--DIDP 078891$bColumbia
033 10$a19920727$a19920728
035 0 $aocm27748053
040   $aEXR$cEXR$dSXP$dOBE$dHLS$dHMU
041 0 $geng
045 0 $bd1991
100 1 $aMarsalis, Wynton,$d1961-$4cmp$4itr
245 10$aCiti movement$h[sound recording] :$b(Griot New York) /$c[written and arr. by Wynton Marsalis].
246 3 $aCiti movement (Griot New York)
246 3 $aGriot New York
260   $aNew York :$bColumbia,$cp1993.
300   $a2 sound discs :$bdigital ;$c4 3/4 in.
500   $aColumbia: C2K 53324 (CK 53428--CK 53429 ; DIDP 078890--DIDP 078891).
500   $aJazz ; music written for the Garth Fagan ballet, Griot New York.
500   $aCompact discs.
500   $aProgram notes (1 fold. p. : ports.) inserted in container.
505 0 $aHustle bustle -- City beat -- Daylight dinosaurs -- Down the avenue -- Stop and go -- Nightlife-highlife (Yas, yas) -- How long? -- I see the light : (vocal : unacc., wordless) -- I see the light : (instrumental) -- Duway dialogue -- Dark heartbeat -- Cross court capers -- Bayou baroque -- Marthaniel -- Spring Yaoundé -- The end -- The legend of Buddy Bolden -- Swingdown, swingtown -- Highrise riff (1,2,3,4) -- Modern vistas (As far as the eye can see) -- Curtain call.
511 0 $aWynton Marsalis Septet (Wynton Marsalis, trumpet ; Todd Williams, tenor and soprano saxophones ; Wes Anderson, alto saxophone ; Wycliffe Gordon, trombone ; Reginald Veal, double bass ; Herlin Riley, drums ; Eric Reed, piano) ; in part with Herb Harris, tenor saxophone and Marthaniel Roberts, piano.
518   $aRecorded July 27-28, 1992.
650  0$aJazz$y1991-2000.
650  0$aJazz vocals.
650  0$aTrumpet music (Jazz)
650  0$aBallets.
700 1 $aAnderson, Wessell.$4itr
700 1 $aWilliams, Todd.$4itr
700 1 $aGordon, Wycliffe.$4itr
700 1 $aVeal, Reginald.$4itr
700 1 $aRiley, Herlin.$4itr
700 1 $aReed, Eric.$4itr
710 2 $aWynton Marsalis Sextet.$4prf
988   $a20020608
906   $0OCLC

