LEADER 00761nam a2200241 a 4500
001 003000945-6
005 20020606093309.7
008 930202s1990    enkaci        000 0 eng d
010   $agb 92020835 
015   $aGB92-20835
020   $a1870708385 (pbk) :$c£5.50
035 0 $aocm27687026
040   $aUKM$cUKM$dHLS
082 04$a942.612$220
245 00$aHolt and district :$ba portrait in old picture postcards /$c[compiled] by Rhoda Bunn.
246 3 $aPortrait in old picture postcards
260   $aLoggerheads :$bS. B. Publications,$c1990.
300   $a72 p. :$bill., ports., coat of arms ;$c15 x 21 cm.
651  0$aHolt (England)$xHistory$xPictorial works.
653 0 $aNorfolk (England)
700 1 $aBunn, Rhoda.
988   $a20020608
906   $0OCLC

