LEADER 00484nam a2200169K  4500
001 003000946-4
005 20050510143008.0
008 930427s1890    gw            000 0 lat d
035 0 $aocm79056908
040   $aHLS$cHLS
110 2 $aCatholic Church.
245 10$aDie 31. Maji. In festo Beati Felicis a Nicosia confessoris.
260   $a[Ratisbonæ,$btypis Fr. Pustet,$c1890.]
300   $app. 2.$cfol.
710 2 $aCatholic Church.$kLiturgy.$tMissal.$fMay 31.
988   $a20020608
906   $0MH

