LEADER 00473nam a2200169K  4500
001 003000947-2
005 20050510154253.0
008 930427s1890    gw            000 0 lat d
035 0 $aocm78103468
040   $aHLS$cHLS
110 2 $aCatholic Church.
245 10$aDie 1. Martii. B. Joannis de Britto martyris.
260   $a[Ratisbonæ,$btypis Fr. Pustet,$c1890.]
300   $app. (2).$cfol.
710 2 $aCatholic Church.$kLiturgy.$tMissal.$fMarch 1.
988   $a20020608
906   $0MH

