LEADER 00465nam a2200169K  4500
001 003000949-9
005 20020606093309.7
008 930427s1900    gw            000 0 lat d
035 0 $aocm78002422
040   $aHLS$cHLS
110 2 $aCatholic Church.
245 10$aProprium Missarum Societatis Jesu.
260   $a[Ratisbonæ,$btypis Fr. Pustet,$c1900.]
300   $app. 23, (1).$c16mo
710 2 $aCatholic Church.$kLiturgy.$tMissal.$sJesuit.
988   $a20020608
906   $0MH

