LEADER 00468nam a2200181K  4500
001 003000950-2
005 20020606093309.7
008 930427s1909    xx            000 0 und d
035 0 $aocm78939514
040   $aHLS$cHLS
110 2 $aCatholic Church.
245 10$aKantik da Itron Varia an Niver.
260   $a[Kemper,$bmoullet e ti de Kerangal,$c1909].
300   $app. (4).
690  9$aHymns$zBreton.$5wid
691  9$aNevers, France.$5wid
988   $a20020608
906   $0MH

