LEADER 00547nam a2200169K  4500
001 003000951-0
005 20050510154801.0
008 930427s1890    be            000 0 lat d
035 0 $aocm78927104
040   $aHLS$cHLS
110 2 $aCatholic Church.
245 10$aDie xxix. Novemb. B. Cuthberti Maine, mart. Duplex. Pro dioecesi Plymouthensi.
260   $a[Tornaci, (Belg.),$btypis Societatis S. Joannis Evangelistae,$c1890.]
300   $app. 3, (1).$c12mo
710 2 $aCatholic Church.$kLiturgy.$tBreviary.$gPlymouth, Eng.
988   $a20020608
906   $0MH

