LEADER 00547nam a2200169K  4500
001 003000952-9
005 20020606093309.7
008 930427s1890    be            000 0 lat d
035 0 $aocm81628408
040   $aHLS$cHLS
110 2 $aCatholic Church.
245 14$aDie vii. Novembris. B. Joannis Gabrielis Perboyre.
260   $a[Tornaci (Belg.),$bTypis Societatis S. Joannis Evangelistæ, Desclée, Lefebvre et Soc.,$c1890.]
300   $app. (2).$cfol.
710 2 $aCatholic Church.$kLiturgy.$tMissal.$bMissions, Congr. of.
988   $a20020608
906   $0MH

