LEADER 00576nam a2200169K  4500
001 003000953-7
005 20020606093309.7
008 930427s1900    gw            000 0 lat d
035 0 $aocm78576747
040   $aHLS$cHLS
110 2 $aCatholic Church.
245 10$aProprium officiorum in usum ecclesiarum unitarum diœceseon Tergestinæ et Justinopolitanæ.
260   $aRatisbonæ, etc.,$bsumpt. et typ. Fr. Pustet,$c1900.
300   $a4 pts. (with covering title-page).$c12mo
710 2 $aCatholic Church.$kLiturgy.$tBreviary.$gTrièste & Capodistria.
988   $a20020608
906   $0MH

