LEADER 00524nam a2200169K  4500
001 003000954-5
005 20020606093309.7
008 930427s1890    be            000 0 lat d
035 0 $aocm77641730
040   $aHLS$cHLS
110 2 $aCatholic Church.
245 14$aDie vii. Novembris. B. Joannis Gabrielis Perboyre, martyris.
260   $a[Tornaci (Belg.),$bTypis Soc. S. Joannis Evangel.,$c1890.]
300   $app. 3, (1).$c12mo
710 2 $aCatholic Church.$kLiturgy.$tBreviary.$bMissions, Congr. of.
988   $a20020608
906   $0MH

