LEADER 00476nam a2200169K  4500
001 003000955-3
005 20020606093309.7
008 930427s1892    pl            000 0 lat d
035 0 $aocm84316719
040   $aHLS$cHLS
110 2 $aCatholic Church.
245 10$aOfficia propria SS. patronorum Poloniae et Sueciae.
260   $a[Posnaniae,$c1892.]
300   $app. 78, (2).$c8vo
710 2 $aCatholic Church.$kLiturgy.$tAntiphoner.$gPoland and Sweden.
988   $a20020608
906   $0MH

