LEADER 00479nam a2200169K  4500
001 003000956-1
005 20050510154906.0
008 930427s1890    xx            000 0 lat d
035 0 $aocm83615877
040   $aHLS$cHLS
110 2 $aCatholic Church.
245 10$aDie xvii. Septembris. B. Gandulphi a Binasco confessoris.
260   $a[Taurini,$bMarietti,$c1890.]
300   $app. 3, (1).$c12mo
710 2 $aCatholic Church.$kLiturgy.$tBreviary.$gCafalù.
988   $a20020608
906   $0MH

