LEADER 00465nam a2200169K  4500
001 003000957-X
005 20050510142831.0
008 930427s1890    gw            000 0 lat d
035 0 $aocm78316521
040   $aHLS$cHLS
110 2 $aCatholic Church.
245 10$aDie 13. Septembris. Beatæ Nothburgæ Virginis.
260   $a[Ratisbonæ,$bsump. Fr. Pustet,$c1890.]
300   $app. 2.$c12mo
710 2 $aCatholic Church.$kLiturgy.$tBreviary.
988   $a20020608
906   $0MH

