LEADER 00506nam a2200169K  4500
001 003000958-8
005 20020606093309.7
008 930427s1909    gw            000 0 lat d
035 0 $aocm84432001
040   $aHLS$cHLS
110 2 $aCatholic Church.
245 10$aMissæ in civitate et diœcesi Novariensi ex indulto apostolico celebrandæ.
260   $a[Ratisbonæ,$btypis Fr.Pustet,$c1909.]
300   $app. 27, (1).$cfol.
710 2 $aCatholic Church.$kLiturgy.$tMissal.$gNovara.
988   $a20020608
906   $0MH

