LEADER 00566nam a2200169K  4500
001 003000959-6
005 20020606093309.7
008 930427s1900    it            000 0 lat d
035 0 $aocn612082681
040   $aHLS$cHLS
110 2 $aCatholic Church.
245 10$aProprium Sanctorum pro capitulo Romano et clero sacrosanctae cathedralis Romanae ecclesiae papalis Lateranensis.
260   $aTuronibus,$btypis A. Mame et filiorum,$c1900.
300   $app. 157+.$c12mo
710 2 $aCatholic Church.$kLiturgy.$tBreviary.$gRome.$bLateran Basilica.
988   $a20020608
906   $0MH

