LEADER 00493nam a2200169K  4500
001 003000960-X
005 20050510154859.0
008 930427s1890    xx            000 0 lat d
035 0 $aocm78224039
040   $aHLS$cHLS
110 2 $aCatholic Church.
245 10$aDie xvii. Septembris. In festo B. Gandulphi a Binasco confessoris.
260   $a[Taurini,$bPetrus Marietti,$c1890.]
300   $app. 2.$cfol.
710 2 $aCatholic Church.$kLiturgy.$tMissal.$fSeptember 17.
988   $a20020608
906   $0MH

