LEADER 00564nam a2200181K  4500
001 003000961-8
005 20020606093309.7
008 930427s1890    xx            000 0 lat d
035 0 $aocm84414615
040   $aHLS$cHLS
110 2 $aCatholic Church.
245 10$aDirectorium ad usum cleri diœcesis Namurcensis pro anno 1891.
260   $aNamurci,$btypis Ad. Wesmael-Charlier.$c[1890].
300   $c12mo
501   $a1890 bound together with the Ordo Augustodunensis for 1892.
710 2 $aCatholic Church.$kLiturgy.$tDirectory.$gNamur.
988   $a20020608
906   $0MH

