LEADER 00485nam a2200169K  4500
001 003000962-6
005 20020606093309.7
008 930427s1890    xx            000 0 lat d
035 0 $aocm80354337
040   $aHLS$cHLS
110 2 $aCatholic Church.
245 10$aDominica 11. Junii B. Mariae Virginis a Strata.
260   $a[Tornaci,$btypis Soc. S. Joannis Evangel.,$c1890.]
300   $app. 2.$c12mo
710 2 $aCatholic Church.$kLiturgy.$tBreviary.$sJesuit.
988   $a20020608
906   $0MH

