LEADER 00507nam a2200169K  4500
001 003000964-2
005 20020606093309.7
008 930427s1896    xx            000 0 lat d
035 0 $aocm79189063
040   $aHLS$cHLS
110 2 $aCatholic Church.
245 10$aAppendix ad Breviarium Romano-Seraphicum.$b(In provincia Dalm. et insul. Liburn.)
260   $a[Mechliniæ,$bH. Dessain,$c1896.]
300   $app. 16.$c16mo
710 2 $aCatholic Church.$kLiturgy.$tBreviary.$sFranciscan.
988   $a20020608
906   $0MH

