LEADER 00486nam a2200169K  4500
001 003000965-0
005 20020606093309.7
008 930427s1909    be            000 0 lat d
035 0 $aocm81497744
040   $aHLS$cHLS
110 2 $aCatholic Church.
245 10$aMissæ propriæ in usum ecclesiarum totius insulæ Sardiniæ.
260   $aMechliniæ,$bH. Dessain,$c1909.
300   $app. 23, (1).$cfol.
710 2 $aCatholic Church.$kLiturgy.$tMissal.$gSardinia.
988   $a20020608
906   $0MH

