LEADER 00491nam a2200169K  4500
001 003000967-7
005 20020606093309.7
008 930427s1890    gw            000 0 lat d
035 0 $aocm79909254
040   $aHLS$cHLS
110 2 $aCatholic Church.
245 10$aDominica ii. Junii. In festo Beatæ Mariæ Virginis a Strata.
260   $a[Ratisbonæ,$bex officina Fr. Pustet,$c1890.]
300   $app. 2.$c8vo
710 2 $aCatholic Church.$kLiturgy.$tMissal.$sJesuit.
988   $a20020608
906   $0MH

