LEADER 00460nam a2200169K  4500
001 003000969-3
005 20020606093309.7
008 930427s1890    gw            000 0 lat d
035 0 $aocm80041807
040   $aHLS$cHLS
110 2 $aCatholic Church.
245 10$aExorcismuo in Satanam et Angelos Apostaticos.
260   $a[Ratisbonae,$bFr. Pustet,$c1890.]
300   $app. 7, (1).$c12mo
710 2 $aCatholic Church.$kLiturgy.$tRitual.
988   $a20020608
906   $0MH

