LEADER 00486nam a2200169K  4500
001 003000970-7
005 20020606093309.7
008 930427s1890    xx            000 0 lat d
035 0 $aocm82854739
040   $aHLS$cHLS
110 2 $aCatholic Church.
245 10$aFeria sexta post Octavam SS. Corporis Christi. SS. Cordis D.N.J. Christi.
260   $a[Mechliniæ,$bH. Dessain,$c1890.]
300   $app. 7+.$c12mo
710 2 $aCatholic Church.$kLiturgy.$tBreviary.
988   $a20020608
906   $0MH

