LEADER 00707cam a2200265   4500
001 003000971-5
005 20020606093309.7
008 721115s1972    nyu      b    001 0 eng  
010   $a   72075690 
035 0 $aocm00516384
035 0 $aocm00516384$zocm00527667
040   $aDLC$cDLC$dm.c.$dHMG
050 00$aHN18$b.G23 1972b
082 00$a301.24/3
100 1 $aGabor, Dennis,$d1900-1979.
245 14$aThe mature society.
260   $aNew York,$bPraeger$c[1972]
300   $a208 p.$c22 cm.
490 0 $aBooks that matter
504   $aIncludes bibliographical references.
650  0$aSocial history$y1945-
650  0$aSocial change.
650  0$aForecasting.
988   $a20020608
906   $0DLC

