LEADER 00536nam a2200169K  4500
001 003000972-3
005 20020606093309.7
008 930427s1896    xx            000 0 lat d
035 0 $aocm79958235
040   $aHLS$cHLS
110 2 $aCatholic Church.
245 10$aAppendix ad Missas proprias Ordinis Minorum S. Francisci Capuccinorum.
260   $aCampoduni,$bex Typographia olim Ducali, nunc Jos. Kœseliana,$c1896.
300   $app. iv, 11, (1).$cfol.
710 2 $aCatholic Church.$kLiturgy.$tMissal.$sCapuchin.
988   $a20020608
906   $0MH

