LEADER 00611nam a2200169K  4500
001 003000973-1
005 20020606093309.7
008 930427s1915    it            000 0 lat d
035 0 $aocm81857985
040   $aHLS$cHLS
110 2 $aCatholic Church.
245 10$aOfficia propria Sanctorum diœcesis Buscoducensis juxta Kalendarium nuperrime reformatum atque approbatum a Sacra Rituum Congregatione.
260   $aTaurini,$bsumptibus et typis Petri Marietti,$c1915.
300   $a4 pts., with covering title-page.$c12mo
710 2 $aCatholic Church.$kLiturgy.$tBreviary.$g's Hertogenbosch.
988   $a20020608
906   $0MH

