LEADER 00588nam a2200181K  4500
001 003000974-X
005 20020606093309.7
008 930427s1890    fr            000 0 fre d
035 0 $aocm83075190
040   $aHLS$cHLS
110 2 $aCatholic Church.
245 10$axi février. Les Sept Saints Fondateurs de l'Ordre des Servites de la B. Vierge Marie confesseurs.
260   $a[Paris,$bLibrairie Ch. Poussielgue,$c1890.]
300   $app. [751]-756, (2).$c8vo
700 1 $aValfray, Pierre,$eed.
710 2 $aCatholic Church.$kLiturgy.$tC.O., Choir Book.$sServite.
988   $a20020608
906   $0MH

