LEADER 00767cam a2200241   4500
001 003000975-8
005 20020606093309.7
008 721114s1972    nyu           000 0 eng  
010   $a   72077276 //r82
035 0 $aocm00516404
040   $aDLC$cDLC$dm.c.$dHLS
041 1 $aengfre
050 0 $aQP251$b.G66 1972
082   $a591.1/6
100 1 $aGourmont, Remy de,$d1858-1915.
240 10$aPhysique de l'amour.$lEnglish
245 14$aThe natural philosophy of love /$cTranslated with a postscript by Ezra Pound. Introd. by Ashley Montagu. Pref. by Burton Rascoe.
260   $aNew York :$bCollier Books,$c1972.
300   $axxv, 158 p.$c18 cm.
500   $aTranslation of Physique de l'amour.
650  0$aHuman reproduction.
988   $a20020608
906   $0DLC

