LEADER 00459nam a2200169K  4500
001 003000976-6
005 20020606093309.7
008 930427s1909    be            000 0 lat d
035 0 $aocm79056913
040   $aHLS$cHLS
110 2 $aCatholic Church.
245 10$aMissæ propriæ Laudensis ecclesiæ.
260   $a[Mechliniæ,$bH. Dessain,$c1909.]
300   $app. 19, (1).$cfol.
710 2 $aCatholic Church.$kLiturgy.$tMissal.$gLaon.
988   $a20020608
906   $0MH

