LEADER 00523nam a2200181K  4500
001 003000977-4
005 20020606093309.7
008 930427s1890    fr            000 0 fre d
035 0 $aocm84432010
040   $aHLS$cHLS
110 2 $aCatholic Church.
245 10$av juillet. S. Cyrille et S. Methode, évêques et confesseurs.
260   $a[Paris,$bImpr. F. Levé,$ccir. 1890.]
300   $app. 4.$c8vo
700 1 $aValfray, Pierre,$eed.
710 2 $aCatholic Church.$kLiturgy.$tC.O., Choir Book.
988   $a20020608
906   $0MH

