LEADER 00473nam a2200169K  4500
001 003000978-2
005 20020606093309.7
008 930427s1896    gw            000 0 lat d
035 0 $aocm78898468
040   $aHLS$cHLS
110 2 $aCatholic Church.
245 10$aAppendix ad Proprium Congreg. SS. Redemptoris.
260   $a[Ratisbonæ,$bFr. Pustet,$c1896.]
300   $a4 pts.$c12mo
710 2 $aCatholic Church.$kLiturgy.$tBreviary.$sRedemptorist.
988   $a20020608
906   $0MH

