LEADER 00497nam a2200169K  4500
001 003000979-0
005 20020606093309.7
008 930427s1890    gw            000 0 lat d
035 0 $aocm80515753
040   $aHLS$cHLS
110 2 $aCatholic Church.
245 10$aLectiones infra Octavam Sacratissimi Cordis Jesu, a PP. Soc. J.
260   $a[Ratisbonæ,$btypis Friderici Pustet,$c1890.]
300   $app. 16.$c12mo
710 2 $aCatholic Church.$kLiturgy.$tBreviary.$sJesuit.
988   $a20020608
906   $0MH

