LEADER 00496nam a2200169K  4500
001 003000980-4
005 20020606093309.7
008 930427s1890    xx            000 0 lat d
035 0 $aocm80773305
040   $aHLS$cHLS
110 2 $aCatholic Church.
245 10$aMissæ a SS.D.N. Leone PP. XIII. ecclesiæ universæ concessæ, decr. 19 Augusti 1890.
260   $a[Mechliniæ,$bH. Dessain,$c1890.]
300   $app. 4.$c12mo
710 2 $aCatholic Church.$kLiturgy.$tMissal.
988   $a20020608
906   $0MH

