LEADER 00536nam a2200181K  4500
001 003000981-2
005 20020606093309.7
008 930427s1892    fr            000 0 fre d
035 0 $aocm78620378
040   $aHLS$cHLS
110 2 $aCatholic Church.
245 10$axi février.$bL'Apparition de la B. Marie, Vierge Immaculée.
260   $a[Parisiis,$bLibrairie Ch. Poussielgue,$c1892.]
300   $app. 7, (1).$c8vo
700 1 $aValfray, Pierre,$eed.
710 2 $aCatholic Church.$kLiturgy.$tC.O., Choir Book.
988   $a20020608
906   $0MH

