LEADER 00570nam a2200169K  4500
001 003000982-0
005 20020606093309.7
008 930427s1915    it            000 0 lat d
035 0 $aocm81348998
040   $aHLS$cHLS
110 2 $aCatholic Church.
245 10$aOfficia propria Sanctorum in usum Agrigentinæ diœceseos,$cjuxta Kalendarium a S.R.C. revisum et adprob. die 23 Apr.1914.
260   $a[Taurini,$bsumptibus et typis Eq. Petri Marietti,$c1915.]
300   $a4 pts.$c12mo
710 2 $aCatholic Church.$kLiturgy.$tBreviary.$gGirgènti.
988   $a20020608
906   $0MH

