LEADER 00490nam a2200169K  4500
001 003000983-9
005 20020606093309.7
008 930427s1890    gw            000 0 lat d
035 0 $aocm83615878
040   $aHLS$cHLS
110 2 $aCatholic Church.
245 10$aOfficia propria festorum diœcesis Warmiensis.
260   $aRatisbonæ,$bsumptibus et typis Friderici Pustet,$c1890.
300   $a4 pt.$c16mo
710 2 $aCatholic Church.$kLiturgy.$tBreviary.$gWarmien.
988   $a20020608
906   $0MH

