LEADER 00527nam a2200169K  4500
001 003000984-7
005 20020606093309.7
008 930427s1890    gw            000 0 lat d
035 0 $aocm84175058
040   $aHLS$cHLS
110 2 $aCatholic Church.
245 10$aOfficia propria in usum archidiœceseos Sancti Jacobi de Chile.
260   $aRatisbonæ, etc.,$bFr. Pustet,$c1890.
300   $a4 pts. (with covering title-page).$c12mo
710 2 $aCatholic Church.$kLiturgy.$tBreviary.$gSantiago de Chile.
988   $a20020608
906   $0MH

