LEADER 00619nam a2200169K  4500
001 003000985-5
005 20020606093309.7
008 930427s1896    be            000 0 lat d
035 0 $aocm78244508
040   $aHLS$cHLS
110 2 $aCatholic Church.
245 10$aDie i. Decembris.$bBeatorum Ricardi Whiting, Hugonis Faringdon, ac Joannis Beche abb. et quatuor Ordinis S. Benedicti Monachorum martyrum.
260   $a[Tornaci,$btyp. Soc. S. Joannis Evang., Desclée, Lefebvre et Soc.,$c1896.]
300   $app. 3, (1).$c8vo
710 2 $aCatholic Church.$kLiturgy.$tBreviary.$sBenedictine, England.
988   $a20020608
906   $0MH

