LEADER 00523nam a2200169K  4500
001 003000986-3
005 20020606093309.7
008 930427s1890    gw            000 0 lat d
035 0 $aocm79610966
040   $aHLS$cHLS
110 2 $aCatholic Church.
245 10$aOfficia propria in usum diœcesium Provinciæ ecclesiasticæ Æquatorianæ seu Quitensis.
260   $aRatisbonæ, etc.,$bFr. Pustet,$c1890.
300   $a4 pts.$c12mo
710 2 $aCatholic Church.$kLiturgy.$tBreviary.$gQuito (Ecuador).
988   $a20020608
906   $0MH

