LEADER 00559nam a2200169K  4500
001 003000987-1
005 20020606093309.7
008 930427s1892    fr            000 0 lat d
035 0 $aocm83281938
040   $aHLS$cHLS
110 2 $aCatholic Church.
245 10$aOrdo Divini Officii recitandi sacrique peragendi a clero Divionensi juxta ritum Breviarii ac Missalis S. Romanæ Ecclesiæ A.D. 1893 editus.
260   $aDivione,$bUnionis typographicae,$c1892.
300   $c12mo
710 2 $aCatholic Church.$kLiturgy.$tDirectory.$gDijon.
988   $a20020608
906   $0MH

