LEADER 00484nam a2200169K  4500
001 003000988-X
005 20020606093309.7
008 930427s1890    xx            000 0 lat d
035 0 $aocm79708577
040   $aHLS$cHLS
110 2 $aCatholic Church.
245 10$aOfficia propria quæ in metropolitana Taurinensi ecclesia celebrantur.
260   $a[Taur.?,$bn. pr.,$c1890?]
300   $app. 93+.$c16mo
710 2 $aCatholic Church.$kLiturgy.$tBreviary.$gTurin.
988   $a20020608
906   $0MH

