LEADER 00479nam a2200169K  4500
001 003000989-8
005 20020606093309.7
008 930427s1890    gw            000 0 lat d
035 0 $aocm81406630
040   $aHLS$cHLS
110 2 $aCatholic Church.
245 10$aOfficia propria Sanctorum archidiœcesis Guatemalensis.
260   $a[Ratisbonæ,$bFr. Pustet,$c1890.]
300   $a4 pts.$c12mo
710 2 $aCatholic Church.$kLiturgy.$tBreviary.$gGuatemala.
988   $a20020608
906   $0MH

