LEADER 00583nam a2200169K  4500
001 003000990-1
005 20020606093309.7
008 930427s1896    fr            000 0 lat d
035 0 $aocm79273709
040   $aHLS$cHLS
110 2 $aCatholic Church.
245 10$aDie 1. Decembris.$bIn festo beatorum Ricardi Whiting, Hugonis Faringdon, ac Joannis Beche abbatum, et Quatuor O.S.B. Monachorum, martyrum. Ad Missam.
260   $a[Solesmis,$btyp. S. Petri,$c1896.]
300   $app. 4.$c8vo
710 2 $aCatholic Church.$kLiturgy.$tGradual.$sBenedictine, England.
988   $a20020608
906   $0MH

