LEADER 00553nam a2200181K  4500
001 003000991-X
005 20020606093309.7
008 930427s1890    xx            000 0 lat d
035 0 $aocm80446060
040   $aHLS$cHLS
110 2 $aCatholic Church.
245 10$aOfficia propria Sanctorum Patronorum regni Poloniæ et Sueciæ.
260   $a[Taurini,$btyp. Eq. P. Marietti,$c1890.]
300   $a4 pt.$c12mo
710 2 $aCatholic Church.$kLiturgy.$tBreviary.$gPoland.
710 2 $aCatholic Church.$kLiturgy.$tBreviary.$gSweden.
988   $a20020608
906   $0MH

