LEADER 00510nam a2200169K  4500
001 003000992-8
005 20020606093309.7
008 930427s1892    it            000 0 lat d
035 0 $aocm83648073
040   $aHLS$cHLS
110 2 $aCatholic Church.
245 10$aPro clero Romano.$bDie vii. Septembris. In festo Sancti Hadriani III, papae et confessoris.
260   $a[Turonibus,$btypis Mame,$c1892.]
300   $app. 3+.$c12mo
710 2 $aCatholic Church.$kLiturgy.$tBreviary.$gRome.
988   $a20020608
906   $0MH

