LEADER 00470nam a2200169K  4500
001 003000993-6
005 20020606093309.7
008 930427s1890    it            000 0 lat d
035 0 $aocm80337707
040   $aHLS$cHLS
110 2 $aCatholic Church.
245 10$aOfficia Sanctorum ad usum s. ecclesiæ Veronensis.
260   $a[Veronæ?$bn. pr.,$c1890.]
300   $app. 86, (2).$c12mo
710 2 $aCatholic Church.$kLiturgy.$tBreviary.$gVerona.
988   $a20020608
906   $0MH

