LEADER 00485nam a2200169K  4500
001 003000994-4
005 20020606093309.7
008 930427s1909    be            000 0 lat d
035 0 $aocm83219219
040   $aHLS$cHLS
110 2 $aCatholic Church.
245 10$aOfficia peculiaria provinciæ Belgicæ Societatis Jesu.
260   $a[Mechliniæ,$bH. Dessain,$c1909.]
300   $a4 pt.$c16mo
710 2 $aCatholic Church.$kLiturgy.$tBreviary.$bJesuits, Belgium.
988   $a20020608
906   $0MH

