LEADER 00577nam a2200169K  4500
001 003000995-2
005 20020606093309.7
008 930427s1896    gw            000 0 lat d
035 0 $aocm80601848
040   $aHLS$cHLS
110 2 $aCatholic Church.
245 10$aDie 1. Decembris.$bIn festo beatorum Ricardi Whiting, Hugonis Faringdon, ac Joannis Beche abbatum et Quatuor Ord. S. Benedicti monachorum martyrum.
260   $a[Ratisbonæ,$btypis Fr. Pustet,$c1896.]
300   $app. 2.$cfol.
710 2 $aCatholic Church.$kLiturgy.$tMissal.$sBenedictine.
988   $a20020608
906   $0MH

