LEADER 00477nam a2200169K  4500
001 003000996-0
005 20020606093309.7
008 930427s1892    gw            000 0 lat d
035 0 $aocm82978590
040   $aHLS$cHLS
110 2 $aCatholic Church.
245 10$aProprium missarum archidiœcesis Bambergensis.
260   $a[Bambergæ,$bex officina Fr. Pustet,$c1892.]
300   $app. 24.$c8vo
710 2 $aCatholic Church.$kLiturgy.$tMissal.$gBamberg.
988   $a20020608
906   $0MH

