LEADER 00566nam a2200169K  4500
001 003000997-9
005 20020606093309.7
008 930427s1915    it            000 0 lat d
035 0 $aocm83762911
040   $aHLS$cHLS
110 2 $aCatholic Church.
245 10$aOfficia propria Sanctorum in usum archidiœceseos Firmanæ$cjuxta Kalendarium a S.R.C. revisum et adprob. die 2 Febr.1914.
260   $a[Taurini,$bsumptibus et typis Eq. Petri Marietti,$c1915.]
300   $a4 pts.$c12mo
710 2 $aCatholic Church.$kLiturgy.$tBreviary.$gFermo.
988   $a20020608
906   $0MH

