LEADER 00533nam a2200169K  4500
001 003000998-7
005 20020606093309.7
008 930427s1896    be            000 0 lat d
035 0 $aocm83413936
040   $aHLS$cHLS
110 2 $aCatholic Church.
245 10$aDie 4. Julii.$bB. Mariæ Virg. de Consolatione.
260   $a[Tornaci,$btyp. Soc. S. Joannis Evangelistæ, Desclée Lefebvre et Soc.,$c1896.]
300   $app. 7, (1).$c8vo
710 2 $aCatholic Church.$kLiturgy.$tBreviary.$sBenedictine, England.
988   $a20020608
906   $0MH

