LEADER 00469nam a2200169K  4500
001 003000999-5
005 20020606093309.7
008 930427s1892    gw            000 0 lat d
035 0 $aocm82853623
040   $aHLS$cHLS
110 2 $aCatholic Church.
245 10$aProprium Sanctorum Hispanorum ad Vesperale Romanum.
260   $a[Ratisbonæ,$bn.pr.,$c1892.]
300   $app. 132.$c8vo
710 2 $aCatholic Church.$kLiturgy.$tAntiphoner.$gSpain.
988   $a20020608
906   $0MH

