LEADER 00470nam a2200169K  4500
001 003001000-4
005 20020606093309.7
008 930427s1892    gw            000 0 lat d
035 0 $aocm82015111
040   $aHLS$cHLS
110 2 $aCatholic Church.
245 10$aProprium Sanctorum Mexicanorum ad Vesperale Romanum.
260   $a[Ratisbonæ,$bn.pr.,$c1892.]
300   $app. 32.$c8vo
710 2 $aCatholic Church.$kLiturgy.$tAntiphoner.$gMexico.
988   $a20020608
906   $0MH

