LEADER 00487nam a2200169K  4500
001 003001001-2
005 20020606093309.7
008 930427s1909    be            000 0 lat d
035 0 $aocm84939152
040   $aHLS$cHLS
110 2 $aCatholic Church.
245 10$aOfficia propria in usum ecclesiarum totius insulæ Sardiniæ.
260   $aMechliniæ,$bH. Dessain,$c1909.
300   $app. x, 118.$c16mo
710 2 $aCatholic Church.$kLiturgy.$tBreviary.$gSardinia.
988   $a20020608
906   $0MH

