LEADER 00506nam a2200169K  4500
001 003001002-0
005 20020606093309.7
008 930427s1890    gw            000 0 lat d
035 0 $aocm77906633
040   $aHLS$cHLS
110 2 $aCatholic Church.
245 10$aOfficia Sanctorum in usum a clero diœcesis Belemen de Pará recitanda.
260   $aRatisbonæ, etc.,$bFr. Pustet,$c1890.
300   $a4 pts.$c12mo
710 2 $aCatholic Church.$kLiturgy.$tBreviary.$gBelemen de Pará.
988   $a20020608
906   $0MH

