LEADER 00481nam a2200169K  4500
001 003001003-9
005 20020606093309.7
008 930427s1896    gw            000 0 lat d
035 0 $aocm80557829
040   $aHLS$cHLS
110 2 $aCatholic Church.
245 10$aDie 4. Julii.$bIn festo B. Antonii Mariæ Zaccaria conf.
260   $a[Ratisbonæ,$btypis Fr. Pustet,$c1896.]
300   $app. 2.$cfol.
710 2 $aCatholic Church.$kLiturgy.$tMissal.$gJuly 4.
988   $a20020608
906   $0MH

