LEADER 00583nam a2200169K  4500
001 003001004-7
005 20020606093309.7
008 930427s1915    it            000 0 lat d
035 0 $aocm79778784
040   $aHLS$cHLS
110 2 $aCatholic Church.
245 10$aOfficia propria Sanctorum in usum diœceseos Asculanæ in Piceno,$cjuxta Kalendarium a S.R.C. revisum et adprob. die 9 Dec.1913.
260   $a[Taurini,$bsumptibus et typis Eq. Petri Marietti,$c1915.]
300   $a4 pts.$c12mo
710 2 $aCatholic Church.$kLiturgy.$tBreviary.$gAscoli-Satriáno.
988   $a20020608
906   $0MH

