LEADER 00799nam a2200169K  4500
001 003001005-5
005 20020606093309.7
008 930427s1890    xx            000 0 lat d
035 0 $aocm81266534
040   $aHLS$cHLS
110 2 $aCatholic Church.
245 10$aOfficia Sanctorum nova et propria concessa pro diœcesi metropolitana Goanensi, Orientis Primatiali, ac Indiarum Orientalium patriarchali et ejus suffraganeis dd. archiepiscopali ad honorem Cranganorensi ac episcopali Damænsi, Cochinensi et Meliaporensi atque Mossambicensi prælatia. Præter Officia ut in Codice Regni Portugal., Brasil. et Algarb. usque ad præsentem annum.
260   $aMechliniæ,$bH. Dessain,$c1890.
300   $a4 pts.$c12mo
710 2 $aCatholic Church.$kLiturgy.$tBreviary.$gIndia, &c.
988   $a20020608
906   $0MH

