LEADER 00487nam a2200169K  4500
001 003001006-3
005 20020606093309.7
008 930427s1892    fr            000 0 fre d
035 0 $aocm82513262
040   $aHLS$cHLS
110 2 $aCatholic Church.
245 10$aSupplément des Offices de l'Église pour le diocèse de Soissons.
260   $a[Paris,$bLahure,$c1892.]
300   $app. (2), 108.$c12mo
710 2 $aCatholic Church.$kLiturgy.$tBreviary.$gSoissons.
988   $a20020608
906   $0MH

