LEADER 00497nam a2200169K  4500
001 003001007-1
005 20020606093309.7
008 930427s1890    xx            000 0 lat d
035 0 $aocm83218320
040   $aHLS$cHLS
110 2 $aCatholic Church.
245 10$aOfficium a SS.D.N. Leone PP. XIII. ecclesiæ universæ concessum decr. 19. Aug. 1890.
260   $a[Mechliniæ,$bH. Dessain,$c1890.]
300   $app. 2.$c12mo
710 2 $aCatholic Church.$kLiturgy.$tBreviary.
988   $a20020608
906   $0MH
